1895 2990
202 874 248 907 10

202 1169 246 1202 15

201 1465 246 1498 20

200 1861 243 1893 25

200 2157 244 2190 30

895 136 1088 175 -3—

287 238 464 278 faciatis.
506 241 623 279 Certe
643 241 675 279 si
692 241 918 281 noluere-tis
943 247 985 281 et
1003 243 1161 294 aliquid
1187 249 1334 283 eontra
1357 243 1435 283 hoc
1459 244 1697 286 habueretis

288 298 398 349 quod
436 300 683 350 opponerel,
721 306 885 340 vosmet
921 301 998 352 ipsi
1034 315 1105 353 per
1142 301 1278 341 hunc2
1315 303 1551 342 indecolum
1588 317 1697 344 com-

286 357 435 396 moniti
471 363 546 396 aut
581 359 730 397 missus
766 359 807 398 in
842 373 1019 410 persona
1055 366 1196 400 vestra
1232 362 1463 401 instructus
1497 376 1609 402 nunc
1644 364 1697 403 ad

286 422 472 455 nostram
515 418 694 456 veniatis
734 419 987 468 presentiam
1030 419 1158 470 ipsius
1199 420 1281 459 lui3
1321 421 1399 460 ob4
1440 421 1527 460 hoc·
1558 422 1696 462 dando

285 488 544 526 responsum.

286 534 329 572 F.
360 534 550 573 Marculfi
581 535 641 583 [Z.
676 535 715 575 S.
747 535 811 584 59,
842 549 882 574 n.
913 536 994 586 26].
1043 537 1078 575 7.
1109 536 1176 577 Jh.

312 681 373 720 13.
405 681 511 720 Item
540 681 776 721 indecolum
805 682 859 721 ad
887 682 1081 734 episcopo
1110 696 1184 735 pro
1212 684 1292 723 alio
1320 685 1671 737 distringendum.

367 752 547 791 Domino
569 757 714 791 sancto
736 758 779 791 et
800 753 1029 804 apostolico
1051 754 1207 793 domno
1229 760 1271 794 et
1291 755 1403 806 patri
1424 756 1481 795 illi
1503 758 1696 808 episcopo

285 811 350 849 ille
392 824 477 849 rex.
538 811 602 849 Illi
643 811 815 850 veniens
857 812 908 851 ad
952 813 1206 863 presentiam
1249 819 1437 853 nostram
1480 817 1696 867 suggessit,

285 869 404 920 quasi
427 869 560 909 ahba⁵
583 876 733 919 vester,
759 878 828 909 αιιι
850 871 1034 920 clericus,
1060 873 1116 911 vel
1138 872 1263 912 homo
1287 879 1437 922 vester,
1473 873 1538 913 ille
1561 875 1696 914 eidem

286 941 404 967 servo
437 941 510 968 suo
542 942 614 980 per
647 929 775 968 forcia
808 930 963 969 tulissit
995 931 1084 969 vel⁶
1117 937 1213 983 post
1245 945 1285 971 se
1317 938 1508 972 reteneat
1539 933 1696 983 iniusti,

285 992 327 1026 et
363 988 478 1027 nulla
516 988 677 1028 iustitia
716 1001 810 1028 cum
849 990 994 1028 eodem
1033 1003 1083 1029 ex
1122 990 1200 1030 hoc
1237 995 1512 1043 consequere⁷
1550 992 1695 1043 possit.

286 1046 511 1098 Propterea
550 1053 786 1098 presentem
827 1048 1063 1088 indecolum
1105 1050 1157 1089 ad
1199 1051 1471 1089 sanctitatem
1511 1056 1697 1090 vestram

284 1105 527 1155 direximus,
554 1120 626 1158 per
654 1120 777 1158 quem
805 1107 1001 1158 petimus,
1029 1114 1078 1147 ut
1103 1114 1146 1148 et
1172 1122 1246 1160 pro
1272 1122 1348 1148 nos
1375 1123 1490 1149 orare
1518 1110 1697 1161 dignetis

283 1170 338 1214 et,
377 1164 410 1203 si
446 1165 587 1204 taliter
624 1166 775 1217 agitur,
813 1166 902 1218 ipso
939 1167 1093 1206 abbate
1131 1173 1271 1207 vestro
1307 1168 1390 1217 illo,
1429 1176 1498 1208 αιιῑ
1535 1169 1695 1218 clerico,

284 1224 611 1275 presentialiter⁸
633 1225 943 1276 constringatiS,
968 1226 1161 1278 qualiter,
1185 1227 1218 1266 si
1238 1227 1297 1266 ita
1319 1233 1479 1278 agetur,
1503 1241 1551 1267 ac
1572 1241 1698 1268 causa

283 1289 430 1322 contra
463 1283 546 1322 iam
581 1284 693 1323 dicto
727 1284 796 1323 illo
829 1284 988 1336 legibus
1022 1286 1193 1325 studeat
1225 1287 1462 1326 emendare.
1512 1287 1630 1327 Certe
1665 1287 1698 1326 si

282 1342 479 1381 noluerit⁰
511 1348 554 1382 et
586 1343 743 1394 aliquid
777 1349 924 1383 contra
956 1344 1035 1383 hoc
1066 1344 1261 1384 habuerit
1295 1346 1405 1397 quod
1439 1350 1695 1398 opponerem⁷

284 1401 372 1452 ipso
400 1401 469 1441 illo
503 1415 574 1453 per
603 1402 866 1442 fideiussores
894 1404 1031 1455 posito
1060 1409 1162 1443 tunc
1191 1405 1242 1444 ad
1271 1410 1458 1444 nostram
1487 1405 1696 1456 diregirell

282 1460 488 1500 studeatis
515 1462 784 1512 presentiam.

282 1519 326 1558 F.
357 1520 548 1559 Marculfi
580 1521 639 1567 (Z.
674 1520 714 1561 S.
745 1521 810 1570 59,
840 1535 881 1560 n.
912 1521 994 1571 27).
1039 1522 1074 1562 7.
1106 1522 1173 1563 Jh.

679 1670 740 1708 14.
775 1669 1017 1709 Indecolum
1051 1670 1103 1710 ad
1134 1670 1300 1710 laicum.

365 1738 472 1777 ΙΠΟ12
502 1743 624 1788 rex13,
657 1739 719 1778 vir
751 1740 951 1790 inlustris,
984 1740 1067 1780 illo,
1102 1741 1252 1780 Fidelis
1275 1746 1416 1780 noster
1440 1741 1505 1780 ille
1528 1742 1581 1781 ad
1607 1755 1695 1793 pre-

283 1798 461 1837 sentiam
494 1804 683 1837 nostram
718 1799 887 1838 veniens
919 1799 1040 1839 nobis
1073 1801 1290 1851 suggessit,
1325 1800 1444 1852 quasi
1477 1813 1552 1840 vos
1585 1813 1694 1850 eum,

282 1856 396 1895 nulla
432 1857 621 1896 manenti
656 1870 795 1907 eausa,
832 1858 870 1897 in
909 1858 978 1898 via
1013 1859 1262 1899 adsallisetis
1297 1865 1340 1898 et
1374 1860 1557 1910 graviter
1593 1860 1695 1898 livo-

280 1916 448 1955 rassetis
483 1922 526 1955 et
558 1917 726 1956 rauba14
748 1930 821 1956 sua
856 1918 898 1956 in
933 1918 1086 1957 solidos
1121 1923 1264 1958 tantos
1291 1919 1422 1958 eidem
1456 1919 1695 1958 tullesetis¹⁵

282 1974 345 2013 vel
374 1980 470 2027 post
497 1988 572 2015 vos
599 1976 860 2015 reteneatis16
883 1977 1110 2026 indebitae,
1140 1983 1182 2017 et
1208 1978 1323 2017 nulla
1351 1977 1517 2017 iusticia
1544 1991 1594 2017 ex
1617 1977 1696 2017 hoc

282 2040 386 2085 aput
425 2047 500 2074 vos
540 2047 790 2087 consequere
831 2036 976 2087 possit.
1036 2037 1262 2088 Propterea
1302 2042 1539 2088 presentem
1580 2037 1694 2076 inde·

281 2092 416 2132 colum
445 2094 497 2133 ad
525 2107 599 2133 vos
626 2094 868 2144 direximus,
889 2108 961 2147 per
980 2109 1104 2147 quem
1123 2096 1292 2135 omnino
1311 2096 1548 2145 iobemus17,
1572 2101 1633 2145 ut,
1662 2095 1695 2134 si

284 2152 424 2191 taliter
450 2153 601 2204 agitur,
627 2153 677 2193 de
703 2160 893 2205 presente
919 2153 998 2193 hoc
1022 2160 1169 2194 contra
1195 2155 1277 2194 iam
1302 2155 1416 2194 dicto
1442 2155 1511 2194 illo
1535 2155 1694 2206 legibus

281 2211 486 2251 studeatis
519 2213 755 2252 emendare.
805 2213 923 2253 Certe
957 2213 989 2252 si
1022 2214 1248 2253 nolueretis
1281 2219 1324 2253 et
1356 2214 1514 2266 aliquid
1547 2218 1693 2253 contra

381 2284 608 2351 OEiiffltre
632 2307 675 2343 B.
698 2328 747 2332 —
783 2308 796 2329 2
818 2307 890 2343 hoc
914 2308 957 2343 B.
980 2328 1029 2332 —
1050 2308 1065 2329 ³
1086 2308 1139 2342 ini
1162 2308 1205 2343 B.
1228 2329 1277 2333 —
1306 2309 1319 2330 ⁴
1341 2309 1389 2343 ad
1412 2310 1445 2344 A
1469 2311 1508 2350 23
1531 2307 1580 2342 ab
1602 2309 1635 2343 A
1658 2310 1691 2343 3.

281 2358 294 2379 ⁵
318 2359 439 2393 abbas
476 2361 507 2394 A
535 2363 566 2395 3.
604 2381 653 2386 —
689 2361 704 2382 ⁶
726 2363 766 2396 et
792 2361 835 2396 B.
878 2381 927 2385 ——
974 2361 988 2382 ⁷
1012 2371 1247 2406 consequare
1283 2363 1317 2397 A
1342 2365 1374 2397 1.
1412 2382 1462 2386 —
1504 2363 1517 2382 ⁸
1541 2371 1692 2405 presen-

280 2412 410 2446 taliter
432 2414 465 2447 A
490 2416 523 2448 3.
557 2433 606 2437 —
653 2414 667 2435 ⁹
690 2414 842 2449 nolierit
865 2416 898 2449 A
923 2418 956 2449 1.
991 2434 1041 2439 —
1077 2411 1108 2434 ¹⁰
1131 2414 1306 2460 obponat
1331 2415 1374 2450 B.
1407 2435 1457 2439 —
1489 2414 1518 2435 1¹
1533 2414 1692 2458 dirigere

279 2466 311 2499 A
325 2467 359 2508 2,
387 2467 419 2500 A
448 2468 482 2509 3,
511 2466 554 2501 B.
590 2487 626 2491 ——
665 2467 695 2488 1²
715 2467 766 2501 illi
789 2468 822 2502 A
841 2470 874 2502 3.
895 2487 944 2491 —
965 2468 994 2488 1³
1011 2467 1173 2502 inluster
1193 2469 1225 2503 A
1244 2470 1283 2511 23
1302 2468 1383 2503 viro
1401 2467 1561 2502 inlustre
1581 2467 1623 2502 B.
1645 2487 1695 2492 —-

282 2518 311 2539 ¹4
327 2529 447 2563 raupa
475 2520 507 2553 A
527 2522 558 2554 2.
587 2540 636 2544 ——
663 2520 692 2541 1⁵
712 2520 892 2555 tullisetis
921 2522 954 2556 A
973 2523 1013 2563 23
1032 2520 1210 2556 tollisetis
1237 2522 1268 2556 A
1289 2523 1328 2563 33
1357 2520 1535 2555 tullesitis
1569 2520 1612 2555 B.
1645 2540 1694 2544 —

281 2571 311 2592 ¹⁶
327 2572 543 2607 reteneritis
561 2574 593 2607 A
613 2576 644 2608 3.
666 2593 715 2597 »-
737 2574 766 2594 ¹⁷
786 2573 965 2608 iubemur
983 2575 1015 2609 A
1037 2576 1068 2608 2.
