1836 2985
206 836 251 868 10

206 1129 251 1162 15

207 1804 252 1837 25

208 2100 254 2133 30

207 2393 252 2428 35

887 115 1099 153 -38-

290 217 380 257 illos
416 222 597 266 sanctos,
635 218 750 257 cuius
786 218 963 258 famulas
999 224 1110 267 sunt,
1148 219 1267 259 nobis
1303 219 1452 259 exinde
1484 220 1698 260 defensare

290 276 490 326 iuberitis,
506 282 554 316 ut
569 282 715 316 contra
730 278 893 316 malicia
909 283 1054 317 contra
1071 279 1297 318 servientes
1313 279 1441 330 ipsius
1457 284 1699 319 sanctorum

290 336 355 375 vel
400 349 464 374 me
510 336 661 375 ancilla
707 342 846 375 vestra
892 337 1025 376 facere
1071 350 1154 376 non
1199 338 1454 377 debuissent.
1517 338 1698 387 Domini,

289 400 479 434 nostrum
506 400 569 434 est
595 395 648 434 ad
676 396 994 446 suggerendum,
1022 401 1209 435 vestrum
1235 402 1299 436 est
1325 397 1374 435 ad
1405 397 1699 445 ordinandum,

292 467 370 505 que
399 454 547 493 exinde
576 454 781 493 iustitiam
809 455 987 505 recipere
1017 455 1257 494 debeamus
1304 456 1442 496 Pietas
1471 461 1611 495 vestra
1638 461 1700 495 est

289 512 440 551 nobis1.
1659 529 1664 531 ⁴

289 572 332 610 F.
369 571 593 611 Senonicae
627 572 686 619 (Z.
723 572 763 611 S.
799 571 889 620 205,
923 586 963 610 n.
998 573 1079 621 44).
1125 585 1162 611 a.
1188 573 1418 613 768—775.

819 700 883 739 52.
917 700 1168 740 Indiculum.

370 772 536 810 Domna
572 775 613 809 et
649 771 890 810 dulcissima
926 771 1132 821 genetrice
1169 784 1262 811 mea
1298 772 1367 811 illa
1403 774 1529 824 prolis
1564 778 1700 813 vester

286 830 365 878 ille,
401 829 583 868 serviens
618 834 769 869 vester.
823 830 931 869 Illud
966 830 1204 881 inprimitis,
1241 831 1353 882 quod
1387 831 1567 882 plurima
1600 838 1699 872 sunt

287 894 330 927 et
361 888 417 927 sic
459 888 751 937 necessarium,
797 889 829 927 si
872 889 1101 940 presumtio
1145 891 1264 939 [non]
1296 890 1490 939 offendit,
1523 891 1701 930 salutem

288 947 571 999 plenissimam
604 947 646 986 in
679 948 850 987 domino
889 949 987 988 Jesu
1019 948 1184 988 Christo
1216 949 1336 988 vobis
1368 949 1578 989 destinare
1611 963 1701 1001 pre-

287 1019 426 1055 sumo,
462 1012 504 1046 et
535 1007 722 1058 supplico
752 1020 828 1058 pro
863 1020 925 1056 eo,
962 1008 1074 1059 quod
1105 1007 1181 1047 iste
1210 1021 1377 1059 presens
1408 1008 1488 1057 ille,
1519 1008 1702 1048 serviens

288 1071 439 1114 vester,
475 1066 524 1105 ad
563 1079 656 1105 mea
690 1066 927 1117 parvitate2
961 1066 1181 1118 expetivit,
1217 1072 1266 1106 ut
1303 1068 1417 1106 nulla
1453 1067 1618 1107 malicia
1651 1068 1701 1107 de

286 1125 387 1164 istas
410 1125 568 1176 culpaS,
596 1125 708 1176 quod
733 1125 818 1177 ipse
843 1126 1085 1176 confugium
1111 1126 1222 1175 fecit,
1249 1127 1397 1165 exinde
1422 1139 1506 1166 non
1530 1126 1701 1175 habeat,

288 1184 358 1223 sed
383 1184 436 1223 ad
459 1197 553 1223 mea
575 1184 815 1235 precatione
840 1190 1065 1224 excusatus
1088 1185 1236 1224 exinde
1261 1198 1346 1224 esse
1371 1185 1537 1225 debeat.
1577 1186 1700 1236 Agite

288 1243 442 1292 taliter,
479 1256 603 1294 quem
638 1256 712 1294 ego
746 1256 818 1295 per
852 1256 928 1282 vos
961 1243 1074 1283 bona
1108 1244 1274 1293 fidutia,
1310 1250 1352 1283 et
1387 1257 1510 1297 quem
1545 1244 1729 1284 domno·

288 1307 330 1341 et
359 1302 545 1352 genitore
577 1315 684 1351 meo,
717 1302 849 1353 iugale
881 1308 1021 1342 vestro
1053 1303 1137 1351 illo,
1170 1315 1270 1342 sano
1302 1309 1344 1342 et
1374 1304 1480 1343 laete
1512 1304 1701 1355 proprios

288 1362 428 1400 oculos
452 1361 650 1400 caelerius
673 1374 907 1401 mereamur
931 1362 1084 1401 videre.
1127 1362 1285 1401 Iterum
1310 1362 1543 1402 salutamus
1567 1363 1700 1402 vobis.

287 1421 331 1459 P.
363 1420 588 1460 Senonicae
619 1421 678 1468 (Z.
711 1421 752 1461 S.
782 1420 873 1469 206,
902 1434 943 1460 n.
974 1421 1055 1470 49).
1102 1434 1139 1460 a.
1165 1421 1395 1461 768—775.

962 1551 1026 1590 53.

370 1622 418 1660 In
457 1622 533 1660 Dei
568 1622 750 1660 nomine.
806 1621 1078 1661 Sanctissimo
1115 1635 1163 1661 ac
1198 1622 1534 1661 reverentissimo
1572 1622 1700 1661 fratre

288 1681 356 1719 illo
379 1680 573 1732 episcopo
596 1680 660 1719 ille
683 1680 826 1730 [illius]
848 1680 962 1719 urbis
983 1681 1201 1732 episcopus
1222 1681 1263 1720 in
1286 1681 1466 1720 Domino
1487 1681 1701 1732 sempiter-

287 1753 385 1779 nam
428 1740 621 1779 salutem.
680 1740 914 1790 Cognoscat
956 1740 1198 1779 fraternitas
1239 1753 1311 1779 seu
1352 1740 1504 1780 caritas
1546 1745 1700 1788 vestra,

288 1800 385 1850 quia
418 1799 493 1838 iste
524 1812 693 1850 presens
723 1799 941 1850 presbyter
972 1799 1139 1838 nomine
1171 1799 1236 1838 ille
1267 1799 1308 1838 in
1340 1799 1558 1850 parrochia
1588 1804 1631 1838 et
1661 1799 1702 1839 in

288 1858 459 1897 ccclesia
491 1863 636 1897 nostra
670 1858 794 1897 sacris
828 1858 979 1897 litteris
1012 1858 1212 1897 edocatus
1245 1858 1326 1897 suit
1358 1863 1401 1897 et
1434 1858 1486 1897 ab
1521 1858 1702 1897 infantia

289 1917 369 1956 fuit
403 1917 515 1968 apud
550 1930 625 1956 nos
660 1930 730 1956 seu
765 1918 1078 1968 prodecessores
1112 1922 1291 1965 nostros,
1338 1917 1497 1956 bonum
1543 1917 1702 1956 habens

290 1976 578 2015 testimonium
605 1976 844 2027 bonamque
873 1976 1177 2016 continentiam
1205 1981 1247 2015 et
1274 1976 1539 2015 innocentem
1567 1976 1701 2015 vitam

289 2035 511 2075 deducens.
560 2035 680 2075 Unde
713 2035 873 2087 placuit
904 2035 963 2074 illi
992 2036 1131 2084 modo,
1164 2040 1213 2074 ut
1244 2036 1293 2074 ad
1329 2035 1453 2074 aliam
1486 2035 1701 2074 ecclesiam

288 2107 328 2132 se
365 2099 643 2143 converteret,
682 2095 825 2133 volens
862 2094 940 2133 sibi
977 2107 1172 2146 quaerere
1209 2095 1427 2143 seniorem,
1465 2094 1537 2146 qui
1571 2107 1613 2133 se
1651 2094 1700 2133 de

289 2153 410 2192 rebus
426 2153 726 2205 temporalibus
741 2154 927 2202 adiuvet,
943 2158 985 2192 et
999 2154 1066 2193 cui
1080 2153 1145 2192 ille
1162 2154 1391 2192 secundum
1407 2153 1700 2201 ministerium,

290 2213 401 2263 quod
419 2212 497 2251 sibi
513 2213 749 2252 iniunctum
767 2217 843 2261 est,
862 2212 1109 2264 obsequium
1126 2212 1340 2264 praebeat.
1377 2212 1498 2252 Unde
1516 2216 1702 2251 vestram

289 2272 598 2311 fraternitatem
626 2277 871 2323 conpertam
899 2271 1088 2320 facimus,
1117 2276 1178 2320 ut,
1207 2271 1454 2323 cuicumque
1481 2270 1700 2322 placuerit,

290 2343 383 2369 eum
416 2331 636 2382 suscipere,
668 2331 826 2382 absque
858 2331 943 2369 ulla
974 2330 1251 2381 ambiguitate
1284 2330 1361 2370 hoc
1394 2330 1536 2379 faciat,
1568 2329 1702 2369 sciens

287 2389 402 2427 illum
438 2395 480 2428 et
513 2389 612 2429 boni
645 2403 731 2429 esse
766 2389 998 2429 testimonii
1030 2394 1072 2428 et
1105 2402 1128 2429 a
1161 2389 1281 2429 nobis
1315 2389 1394 2428 sibi
1427 2388 1479 2428 ab
1513 2388 1700 2437 ecclesia,

291 2461 395 2499 quae
433 2448 552 2487 nobis
590 2449 643 2488 ad
680 2449 860 2500 regenda
897 2461 1091 2488 concessa
1128 2454 1204 2497 est,
1244 2448 1450 2499 migrandi
1487 2447 1701 2487 licentiam

397 2555 407 2575 ¹
441 2555 618 2591 vielleiclzt
647 2555 830 2590 solatium
859 2568 904 2590 zu
931 2559 1121 2600 ergc'inzen.
1158 2575 1196 2580 —
1226 2555 1240 2576 2
1263 2554 1458 2600 pravitate
1484 2566 1512 2590 c.
