1895 2990
260 485 280 518 01

230 782 246 812 ¹1
255 781 275 813 0

227 1455 273 1487 20

222 2117 268 2150 30

221 2422 267 2457 35

909 140 1123 179 -26-

313 244 464 296 aliquis
490 244 614 283 homo
641 245 810 284 nomine
837 245 916 294 ille,
944 246 1135 297 pagensis
1162 251 1311 294 vester,
1339 259 1433 285 eum
1459 246 1501 285 in
1527 245 1595 286 via
1619 247 1725 286 male

312 304 461 343 ordine
491 304 725 343 adsallisset
753 309 795 343 et
822 317 885 343 res
913 317 1008 344 suas
1035 305 1071 343 ei
1100 305 1261 344 tulisset
1289 305 1354 343 vel
1381 305 1562 356 graviter
1590 305 1725 357 ipsum

311 363 574 411 livorasset1;
618 368 660 402 et
697 363 751 402 ob
794 363 872 402 hoc
913 364 1034 402 vobis
1076 377 1146 415 per
1188 369 1375 403 nostram
1418 364 1725 404 ordinationem

313 422 520 470 iussimus,
554 427 615 470 ut,
648 422 759 461 datis
784 422 1110 471 fideiussoribus,
1147 423 1358 462 Kalendas
1391 423 1479 462 illas
1511 437 1561 461 ex
1584 423 1725 462 hocin

314 487 458 520 nostra
478 480 688 532 presentia
707 481 949 520 debuissent
970 482 1136 520 adstare
1156 482 1430 521 rationantes.
1471 482 1550 521 Sed
1571 494 1724 521 memo-

311 546 427 579 ratus
463 540 631 591 quidem
668 539 733 578 ille
768 553 840 591 per
875 540 1064 579 triduum
1100 553 1221 579 suum
1258 541 1488 580 custodivit
1523 541 1725 592 placitum

311 604 352 638 et
373 599 454 637 iam
474 598 587 637 dicto
609 598 677 637 illo
698 599 927 637 secundum
948 599 1079 649 legem
1101 599 1319 638 obiectivit
1329 601 1367 623 ²*
1388 600 1453 638 vel
1474 599 1723 648 solsativit*,

312 658 382 708 qui
413 671 487 696 nec
519 657 662 696 sonia*
694 657 911 696 nuntiavit
942 670 1017 696 nec
1049 670 1170 696 suum
1202 658 1403 709 placitum
1436 658 1721 710 adimplevit-⁹».

313 717 538 768 Propterea
580 716 751 754 omnino
793 716 870 755 tibi
911 716 1115 765 iubemus,
1156 717 1257 755 dum
1299 717 1402 756 tales
1442 718 1562 757 vobis
1602 718 1724 757 datos

309 775 460 814 habuit
485 774 748 813 fideiussores
773 780 815 813 et
839 775 1043 826 placitum
1069 788 1190 814 suum
1215 776 1455 815 nullatenus
1479 777 1722 825 custodivit,

310 840 370 881 ut,
410 834 609 885 quicquid
648 834 714 872 lex
752 833 830 872 loci
868 834 997 872 vestri
1034 834 1084 873 de
1124 835 1205 873 tale
1245 847 1370 874 causa
1407 835 1566 884 edocet,
1604 835 1723 875 vobis

308 892 670 943 distringentibus,
709 898 966 932 memoratus
1003 893 1068 932 ille
1098 893 1289 945 partibus
1319 893 1438 933 istius
1464 896 1721 945 conponere*

309 957 350 991 01
381 951 619 991 satisfacere
650 964 733 991 non
763 958 939 991 recuset.

308 1012 352 1050 F.
387 1012 645 1050 Turonenses
682 1011 740 1058 (Z.
780 1012 820 1051 S.
860 1012 947 1059 155,
982 1025 1022 1050 11.
1061 1011 1142 1060 33).
1193 1025 1229 1051 a.
1257 1012 1486 1052 700—750.

444 1141 507 1180 36.
540 1141 733 1180 Vindicio
764 1141 814 1180 de
846 1154 941 1180 area
971 1141 1037 1180 vel
1066 1141 1117 1180 de
1148 1154 1242 1180 casa
1273 1141 1380 1180 infra
1411 1141 1596 1181 civitate.

388 1212 612 1262 Magnifico
653 1211 773 1251 fratri
814 1211 882 1250 illo
923 1225 996 1262 ego
1036 1212 1147 1251 enim
1189 1211 1267 1251 1110.
1324 1213 1501 1252 Constat
1540 1225 1604 1252 me
1646 1212 1723 1252 tibi

308 1271 558 1319 vindedisse,
584 1276 626 1310 et
652 1271 711 1310 ita
736 1270 921 1319 vindedi,
947 1271 1025 1310 1100
1050 1276 1113 1310 051
1138 1284 1233 1310 0353
1258 1284 1351 1310 11103
1376 1284 1471 1310 011111
1497 1272 1586 1323 ipsa
1611 1284 1721 1321 area,

307 1330 379 1369 ubi
405 1330 543 1381 posita
568 1335 631 1369 est
657 1330 764 1369 infra
791 1330 1022 1379 civitatem,
1051 1331 1107 1369 vel
1132 1330 1310 1381 burgum
1336 1330 1467 1379 illum,
1494 1330 1535 1370 in
1560 1330 1721 1370 ratione

308 1389 428 1438 illius,
459 1389 499 1428 in
528 1389 618 1428 loco
648 1389 732 1437 illo,
762 1402 886 1440 quem
915 1402 1004 1440 ego,
1034 1390 1135 1429 data
1163 1402 1255 1429 mea
1284 1390 1474 1441 pecunia,
1503 1390 1553 1429 de
1582 1390 1721 1441 aliquo

306 1448 475 1487 homine
504 1449 673 1488 nomine
704 1448 772 1487 1110
795 1448 1038 1500 conparavi.
1080 1449 1222 1488 Habet
1244 1449 1331 1500 ipsa
1355 1462 1449 1488 casa
1471 1449 1721 1488 matriamen

310 1513 493 1556 tantum,
513 1508 553 1546 in
572 1507 658 1558 giro
678 1512 813 1557 tanta,
843 1513 906 1546 est
933 1508 984 1547 de
1007 1507 1208 1547 lateribus
1232 1508 1297 1547 vel
1316 1507 1525 1547 frontibus
1543 1521 1638 1548 casa
1656 1509 1721 1547 vel

310 1572 418 1605 terra
442 1567 606 1606 illorum
630 1572 672 1606 et
697 1567 876 1606 illorum.
916 1567 1036 1607 Unde
1063 1567 1203 1618 accepi
1226 1580 1249 1606 a
1271 1572 1310 1606 te
1331 1567 1529 1619 precium,
1552 1567 1594 1606 in
1609 1567 1721 1618 quod

309 1626 411 1665 mihi
446 1626 550 1665 bene
586 1627 840 1678 conplacuit,
876 1626 955 1665 hoc
990 1631 1053 1665 est
1088 1632 1278 1675 tantum3
1315 1626 1427 1678 quod
1459 1626 1643 1678 precium
1679 1626 1721 1666 in

308 1698 439 1724 manu
474 1698 568 1724 mea
605 1685 760 1737 accepi,
798 1690 840 1724 et
877 1685 1010 1737 ipsam
1048 1698 1188 1725 casam
1224 1685 1290 1724 vel
1327 1698 1467 1725 aream
1505 1699 1576 1737 per
1613 1685 1720 1725 hanc

306 1744 585 1783 vinditionem
630 1744 708 1783 tibi
752 1744 909 1784 tradidi
943 1758 966 1784 a
1000 1744 1065 1783 die
1109 1750 1299 1796 presente
1334 1745 1632 1796 perpetualiter
1667 1745 1720 1784 ad

306 1804 628 1854 possidendum,
673 1803 733 1843 ita
776 1809 824 1842 ut
867 1804 919 1843 ab
962 1803 1163 1843 hodierna
1205 1804 1284 1852 die,
1329 1804 1528 1855 quicquid
1571 1803 1719 1843 exinde

306 1863 438 1902 facere
468 1863 661 1911 volueris,
691 1863 864 1902 liberam
896 1868 938 1902 et
964 1863 1247 1902 firmissimam
1275 1863 1316 1902 in
1344 1863 1538 1901 omnibus
1564 1862 1719 1902 habeas

306 1927 562 1973 potestatem
595 1922 788 1970 faciendi,
822 1922 938 1961 salvo
972 1922 1056 1961 iure
1090 1922 1218 1973 ipsius
1248 1927 1394 1961 terrae.

305 1981 349 2020 F.
383 1982 642 2020 Turonenses
678 1981 737 2028 (Z.
776 1982 817 2021 S.
856 1981 944 2029 158,
980 1995 1019 2020 11.
1056 1981 1137 2030 42).
1184 1994 1220 2021 3.
1246 1981 1475 2021 700-750.

624 2111 688 2151 37.
723 2111 886 2150 Notitia
915 2111 966 2151 de
997 2111 1116 2151 alode
1147 2111 1398 2150 evindicatO.

388 2182 564 2229 Notitia,
601 2182 781 2233 qualiter
815 2182 881 2221 vel
916 2182 958 2221 in
993 2194 1172 2233 quorum
1206 2182 1415 2233 presentia
1450 2181 1618 2221 veniens
1653 2180 1717 2219 ille

304 2241 369 2279 die
410 2240 478 2279 illo
518 2241 559 2280 in
597 2241 687 2280 loco
725 2246 998 2293 nuncupante
1037 2241 1106 2280 illo
1145 2246 1242 2280 ante
1281 2241 1397 2280 illum
1437 2240 1613 2280 iudicem
1652 2240 1715 2279 vel

304 2300 472 2351 reliquis
504 2300 615 2348 viris,
651 2300 723 2351 qui
757 2300 912 2340 ibidem
945 2300 1121 2339 aderant
1153 2300 1219 2339 vel
1251 2300 1393 2339 subter
1426 2299 1715 2338 firmaverunt.

307 2358 453 2409 Ibique
492 2359 790 2411 interpellabat
827 2359 1009 2410 aliquem
1046 2358 1259 2398 hominem
1296 2359 1463 2398 nomine
1501 2358 1630 2405 illum,
1669 2371 1716 2396 eo

302 2418 413 2468 quod
450 2419 583 2466 alode,
621 2419 691 2469 qui
728 2419 865 2457 fuerat
900 2418 1079 2469 genitori
1114 2431 1187 2457 suo
1223 2418 1390 2458 nomine
1427 2417 1510 2466 illo,
1549 2417 1587 2456 in
1626 2417 1715 2456 1000

304 2482 575 2528 nuncupante
600 2477 669 2516 illo
695 2483 790 2529 post
814 2490 854 2516 se
879 2477 990 2516 malo
1014 2477 1157 2516 ordine.
1182 2477 1380 2516 retineret
1404 2476 1469 2515 vel
1492 2475 1529 2515 ei
1551 2481 1716 2515 contra-

405 2578 417 2598 1
443 2578 642 2613 livoresset
670 2580 702 2613 A
730 2581 762 2614 3.
790 2597 840 2603 —
867 2578 879 2599 ¹
906 2578 1107 2613 abiectivit
1134 2589 1156 2613 a
1184 2580 1216 2613 2.
1244 2597 1293 2603 -q
1319 2578 1332 2599 ¹
1359 2577 1580 2622 adimplivit
1607 2587 1629 2612 a
1656 2577 1714 2612 2*.
