1836 2985
174 756 220 787 10

173 1051 217 1084 15

170 1501 215 1534 20

169 2095 214 2128 30

169 2390 214 2424 35

861 103 1079 142 -42-

647 207 711 247 58.
743 208 892 248 Cautio
922 209 972 248 de
1004 208 1255 248 infracturis,

339 277 538 328 Contigit,
571 278 682 329 quod
713 279 923 318 cellarium
955 279 1020 318 vel
1050 279 1273 331 spicarium
1306 284 1494 318 vestrum
1524 279 1671 331 infregi

259 342 302 376 et
338 336 487 376 exinde
526 349 737 376 annonam
776 338 842 376 vel
880 338 1005 377 aliam
1042 351 1218 389 raupam
1257 338 1297 377 in
1337 338 1489 377 solidos
1527 343 1671 378 tantos

259 396 409 435 furavi.
455 396 566 435 Dum
593 401 635 435 et
661 408 736 435 vos
763 401 805 435 et
831 397 1064 436 advocatus
1090 402 1227 436 vester
1254 397 1402 436 exinde
1429 402 1527 436 ante
1553 397 1670 437 illum

259 455 455 494 comitem
480 455 745 506 interpellare
770 455 919 504 fecisti,
945 461 987 494 et
1010 468 1084 506 ego
1108 455 1216 495 hanc
1239 469 1408 495 causam
1432 456 1671 496 nullatenus

257 513 377 565 potui
402 514 620 564 denegare,
646 514 703 552 sic
727 513 780 552 ab
806 514 904 564 ipsis
927 514 1201 565 racinburgiis
1227 515 1307 554 fuit
1333 515 1578 564 iudicatum,
1604 520 1670 554 ut'-

256 586 327 624 per
362 573 544 611 wadium
580 585 720 611 meum
756 585 848 611 eam
884 578 1031 612 contra
1066 586 1141 611 vos
1176 586 1422 625 componere
1449 574 1515 613 vel
1550 574 1670 613 satis-

258 633 390 670 facere
416 631 606 680 debeam,
631 631 709 670 hoc
733 636 796 670 est
812 631 965 670 solidos
989 636 1132 670 tantos
1150 632 1215 670 vel
1239 655 1304 671 -—.
1346 632 1424 672 Sed
1441 634 1541 672 dum
1560 634 1670 685 ipsos

257 690 409 729 solidos
439 690 609 729 minime
639 689 781 738 habui,
812 690 922 729 unde
953 690 1230 729 transsolvere
1260 691 1450 740 debeam,
1481 692 1538 731 sic
1567 691 1671 731 mihi

255 749 507 800 aptificavit,
547 754 596 787 ut
634 748 852 787 brachium
891 749 933 787 in
972 749 1125 788 collum
1155 750 1276 800 posui
1314 754 1357 788 et
1394 763 1466 801 per
1506 764 1669 790 comam

256 807 404 859 capitis
438 807 519 846 mei
554 820 693 846 coram
728 807 1019 859 praesentibus
1043 807 1286 847 hominibus
1308 809 1472 848 tradere
1497 810 1588 858 feci,
1626 810 1669 849 in

255 880 302 905 ea
333 866 509 915 ratione,
541 871 589 905 ut
620 866 802 915 interim,
835 867 947 918 quod
979 867 1090 918 ipsos
1122 867 1275 906 solidos
1305 873 1468 907 vestros
1498 868 1668 907 reddere

255 931 443 977 potuero,
479 930 522 964 et
551 925 769 964 servitium
795 931 984 965 vestrum
1019 931 1061 965 et
1096 938 1234 977 opera,
1263 927 1567 978 qualecumque
1594 939 1670 966 vos

255 984 319 1023 vel
345 984 525 1023 iuniores
548 985 677 1023 vestri
696 985 974 1033 iniunxeritis,
1001 985 1134 1024 facere
1158 990 1200 1024 et
1223 985 1448 1037 adimplere
1478 985 1668 1035 debeam,

253 1049 296 1082 et
322 1044 355 1082 si
387 1043 536 1082 exinde
562 1043 772 1094 negligens
800 1044 864 1083 vel
888 1044 1093 1083 iactivus*
1119 1057 1367 1096 apparuero,
1395 1045 1580 1096 spondeo
1604 1058 1668 1084 me

254 1107 400 1142 contra
450 1115 538 1151 vos,
588 1108 637 1142 ut
679 1102 806 1141 talem
856 1103 1120 1154 disciplinam
1161 1116 1286 1155 supra
1324 1104 1495 1142 dorsum
1529 1117 1669 1143 meum

255 1162 388 1201 facere
420 1161 615 1210 iubeatis,
647 1174 774 1213 quam
805 1175 926 1214 super
955 1162 1135 1214 reliquos
1165 1175 1304 1202 servos
1334 1168 1507 1202 vestros

254 1221 298 1260 F.
319 1221 476 1261 salicae
498 1221 783 1270 Bignonianae
809 1221 867 1269 (Z.
891 1221 931 1261 S.
951 1221 1177 1271 237—238,
1195 1236 1235 1260 n.
1256 1222 1337 1271 27).
1380 1235 1416 1261 a.
1438 1222 1668 1262 769—775.
1724 1247 1726 1250 -

485 1410 549 1450 59.
583 1410 950 1450 Concamiaturia*
982 1410 1089 1450 inter
1120 1411 1224 1450 duos
1253 1410 1433 1451 abbatis.

334 1492 510 1541 Placuit,
577 1493 807 1532 auxiliante
864 1493 1058 1542 Domino,
1125 1499 1252 1545 atque
1306 1493 1506 1533 convenit
1559 1494 1668 1533 inter

253 1551 515 1591 venerabilel
548 1552 610 1590 vir
645 1552 716 1601 ill.,
751 1552 906 1591 abbate
940 1553 990 1591 de
1014 1553 1267 1592 monasterio
1292 1553 1375 1601 illo,
1410 1553 1475 1591 vel
1502 1565 1668 1604 congre-

252 1611 420 1661 gatione
456 1612 711 1650 monasterio
758 1624 831 1650 suo
877 1624 1038 1651 necnon
1083 1617 1126 1651 et
1168 1612 1391 1662 magnifico
1427 1612 1489 1650 vir
1525 1612 1581 1651 ill.
1618 1612 1668 1651 de

253 1670 586 1709 commutatione
616 1671 704 1710 loca
735 1683 893 1720 eorum,
925 1683 1048 1722 quem
1078 1671 1186 1710 inter
1216 1683 1255 1709 se
1286 1671 1419 1710 facere
1449 1671 1667 1720 deberent3

253 1734 357 1780 quot
388 1729 446 1768 ita
477 1734 519 1768 et
545 1730 747 1769 fecerunt.
794 1730 869 1769 Per
901 1743 1025 1782 quem
1055 1729 1216 1781 accepit
1238 1730 1487 1769 venerabilis
1510 1730 1572 1768 vir
1603 1730 1668 1769 ille

253 1788 363 1827 abba
405 1789 457 1827 ad
499 1801 604 1840 opus
644 1789 900 1828 monasterio
941 1802 1015 1828 suo
1056 1789 1099 1828 in
1139 1789 1228 1828 1000
1269 1794 1542 1840 nuncupante
1584 1789 1667 1837 illo,

253 1848 365 1899 quod
397 1853 461 1886 est
492 1848 534 1887 in
566 1861 673 1899 pago
705 1848 788 1897 illo,
821 1848 899 1887 hoc
933 1853 996 1887 est
1027 1848 1068 1887 in
1100 1848 1189 1900 ipso
1220 1848 1310 1887 loco
1342 1848 1410 1887 illo
1442 1861 1583 1887 masus
1614 1848 1667 1887 ad

252 1907 621 1956 commanendum,
665 1907 844 1946 casticiis
888 1907 1172 1959 superpositis,
1216 1907 1334 1946 terris
1377 1907 1557 1956 arabilis,
1600 1907 1666 1946 vel

252 1965 451 2017 quicquid
489 1966 531 2005 in
567 1967 656 2018 ipso
691 1966 781 2006 loco
817 1966 870 2006 ad
907 1979 1076 2018 presens
1111 1966 1292 2005 cernitur
1328 1979 1413 2005 esse
1448 1966 1666 2018 possessio,

252 2030 390 2064 totum
423 2030 465 2064 et
496 2025 549 2064 ad
582 2026 806 2076 integrum,
839 2038 926 2065 rem
958 2025 1228 2077 inexquisita,
1261 2026 1303 2064 in
1335 2025 1667 2064 commutatione

251 2084 317 2122 vel
351 2084 392 2123 in
426 2085 656 2124 concamio.
710 2084 843 2125 Simili
875 2085 1001 2124 modo
1035 2085 1098 2123 vir
1132 2084 1381 2135 magnificus
1414 2084 1473 2123 illi
1506 2083 1668 2135 accepit

252 2142 304 2181 ad
337 2156 440 2194 opus
470 2156 593 2182 suum
623 2144 705 2183 alia
733 2157 821 2183 rem
851 2143 893 2183 in
922 2143 1013 2183 1000
1042 2148 1317 2195 nuncupante
1348 2143 1430 2192 illo,
1462 2143 1573 2195 quod
1604 2148 1667 2182 est

252 2201 293 2240 in
322 2215 431 2253 pago
461 2202 544 2251 illo,
574 2202 653 2242 hoc
680 2208 757 2251 est,
789 2203 901 2254 quod
931 2202 1118 2254 superius
1147 2203 1344 2251 diximus,
1374 2207 1514 2241 totum
1543 2207 1585 2241 et
1613 2202 1667 2241 ad

252 2260 475 2311 integrum,
511 2275 598 2301 rem
634 2262 904 2313 inexquisita,
940 2262 982 2301 in
1019 2262 1354 2301 commutacione
1390 2261 1457 2300 vel
1492 2261 1533 2300 in
1569 2273 1665 2299 con-

251 2320 398 2359 camio.
449 2320 569 2360 Unde
602 2321 707 2360 duas
739 2320 938 2373 epistolas
970 2320 1194 2372 pariculas,
1228 2334 1312 2360 una
1345 2325 1538 2359 tenorum
1571 2332 1666 2359 con-

251 2378 440 2430 scriptas,
482 2392 632 2419 manus
673 2393 819 2419 eorum
860 2380 926 2419 vel
967 2380 1174 2419 bonorum
1214 2379 1432 2419 hominum
1461 2378 1666 2427 firmatas,

251 2437 358 2476 inter
386 2451 426 2476 se
454 2438 543 2477 fieri
569 2444 612 2478 et
638 2439 806 2479 firmare
833 2444 1102 2490 rogaverunt,
1122 2444 1170 2478 ut
1196 2438 1483 2490 unusquisque
1502 2438 1552 2477 de
1571 2442 1667 2489 post

352 2538 364 2559 1
392 2539 602 2574 venelabile
631 2552 659 2576 c.
