1836 2985
226 804 272 836 10

222 1790 240 1821 {0

249 1788 266 1819 »JK

222 2085 267 2117 30

222 2379 267 2414 35

901 186 945 190 -
984 163 1110 201 52—

307 267 511 316 habeatis,
551 267 742 317 teneatis,
783 268 1044 319 possideatis,
1084 268 1169 307 iure
1208 272 1347 307 vestro
1386 268 1427 306 in
1465 273 1714 320 perpetuum

308 327 528 366 vindicetis
570 339 617 366 ac
659 327 908 375 defendatiS,
952 327 1017 365 vel
1060 327 1258 378 quicquid
1301 340 1351 365 ex
1393 326 1470 365 hac
1511 340 1552 366 re
1595 328 1716 367 vobis

308 386 466 425 tradita
491 385 687 425 voluntas
713 385 852 434 fuerit,
880 386 1058 425 faciendi
1082 386 1287 437 perpetim
1313 385 1504 424 habeatis
1530 391 1715 437 potesta-

308 450 408 494 tem,
436 444 687 483 sacramenti
714 445 794 483 fide
823 445 1070 496 interposita
1097 458 1168 496 per
1195 444 1272 484 hoc
1299 450 1341 483 et
1368 444 1483 493 illud,
1513 445 1611 496 quia
1637 445 1715 484 hoc

309 504 477 542 firmum
497 508 830 555 perpetuumque
851 516 1095 542 mansurum
1115 516 1215 552 esse,
1237 504 1348 555 quod
1369 516 1501 555 prona
1520 504 1714 554 largitate

308 562 428 602 vobis
452 567 620 601 constat
644 562 768 600 fuisse
793 574 1049 611 concessum,
1068 575 1144 601 nec
1163 563 1370 614 quispiam
1389 568 1536 601 contra
1556 563 1715 602 factum

307 634 447 660 meum
479 621 619 659 venire
652 620 835 659 conabit.
888 620 930 659 Si
962 621 1053 671 quis
1085 634 1197 669 vero,
1231 621 1343 672 quod
1376 622 1465 660 fieri
1496 634 1578 660 non
1610 634 1715 670 reor,

307 693 356 719 ex
398 680 572 719 adverso
614 692 865 729 consurgens
907 684 1052 718 eontra
1092 679 1216 718 huius
1257 680 1456 731 epistolae
1498 681 1715 720 materiem

307 739 445 778 venire
487 738 716 787 conaverit,
757 737 959 788 sacrilegii
991 738 1160 776 crimine
1192 743 1385 777 teneatur
1414 739 1633 788 obnoxius,
1674 744 1717 778 et

306 811 381 836 nec
409 798 465 835 sic
494 796 616 835 huius
645 797 820 848 paginae
850 797 991 835 valeat
1021 797 1298 836 fundamenta
1327 797 1595 849 disrumpere.
1641 798 1717 838 Cui

305 857 376 905 rei,
427 856 512 894 vim
563 856 741 907 doloque
793 856 965 904 secluso,
1015 868 1210 907 praesens
1259 856 1548 907 praesentibus
1597 857 1716 896 vobis

306 915 532 966 stipulatus
572 927 663 953 sum
703 920 745 953 et
783 915 1025 966 spospondi,
1064 920 1191 966 atque
1231 915 1479 966 Aquilianae
1519 915 1618 966 legis
1657 917 1716 955 in-

304 974 530 1013 nodatione
574 974 865 1022 subinterfixa,
924 974 996 1026 qui
1037 974 1224 1012 omnium
1267 975 1569 1026 scripturarum
1612 975 1717 1014 solet-

305 1034 465 1072 adicere
498 1033 781 1084 plenissimam
815 1033 1077 1071 firmitatem.

391 1093 527 1143 Quam
558 1092 763 1131 cartulam
793 1105 921 1131 manu
951 1105 1043 1130 mea
1073 1092 1311 1143 subscripsi.

304 1152 348 1190 F.
378 1151 652 1201 visigothicae
684 1151 742 1198 (Z.
776 1151 816 1191 S.
847 1151 1072 1199 577—578,
1103 1165 1143 1190 n.
1174 1151 1228 1200 6).
1275 1164 1312 1190 a.
1338 1151 1568 1191 615—620.

748 1299 812 1338 73.
846 1299 1033 1346 (Cartula
1059 1298 1314 1347 oblationis).

387 1370 577 1408 Dominis
600 1370 756 1409 sanctis
779 1375 906 1422 atque
930 1370 1233 1420 gloriosissimis
1255 1375 1297 1409 et
1320 1375 1415 1421 post
1440 1370 1574 1409 Deum
1597 1366 1730 1409 nobis*

305 1428 541 1468 fortissimis
583 1429 785 1480 patronis,
829 1429 1077 1468 venerandis
1119 1429 1197 1467 illis
1238 1429 1494 1478 martiribus,
1538 1441 1714 1481 quorum

305 1488 501 1540 reliquiae
523 1489 563 1527 in
584 1488 768 1537 basilica,
790 1488 862 1539 qui
881 1488 921 1526 in
941 1488 1030 1527 1000
1051 1488 1118 1526 1110
1140 1488 1317 1527 fundata
1337 1493 1413 1537 est,
1434 1488 1714 1539 requiescunt,

305 1547 361 1586 ill.
395 1552 437 1586 et
470 1547 525 1586 ill.
560 1552 813 1599 peccatoreS,
848 1547 955 1585 servi
988 1547 1129 1586 vestri.
1181 1547 1443 1586 piaculorum
1476 1552 1716 1586 nostrorum

305 1607 520 1657 cupientes
550 1607 716 1658 expiare
748 1606 909 1657 flagitia
940 1611 982 1645 et
1012 1611 1280 1657 peccatorum
1312 1611 1550 1646 nostrorum
1582 1606 1716 1645 oneris

303 1666 697 1717 praegravationem
734 1665 972 1704 orationum
1010 1670 1244 1704 vestrarum
1281 1665 1564 1704 desiderantes
1600 1665 1716 1704 adiu-

305 1724 412 1763 torio
455 1724 678 1773 sublevari,
721 1725 852 1776 parba
894 1737 968 1776 pro
1010 1725 1172 1775 magnis
1205 1724 1419 1763 offerimus
1449 1724 1711 1763 munuscula.

247 1810 258 1821 i
304 1784 468 1823 Nullius
491 1784 659 1835 quidem
683 1783 724 1822 in
747 1783 825 1823 hoc
844 1784 980 1822 seculo
998 1783 1216 1822 hominum
1235 1796 1309 1822 vos
1328 1783 1509 1834 indigere
1530 1796 1714 1832 censum,

303 1843 470 1892 scimus,
499 1843 596 1894 quia
624 1843 706 1882 iam
734 1856 805 1894 per
833 1843 1212 1882 sanctificationem
1241 1843 1446 1881 Dominus
1472 1847 1614 1881 noster
1641 1855 1716 1881 suo

304 1902 345 1941 in
378 1915 504 1953 regno
538 1902 721 1954 propitio
756 1902 963 1941 dictatos1
996 1915 1165 1941 munere
1200 1902 1447 1941 cumulavit.
1499 1901 1607 1952 Ergo
1642 1914 1715 1952 pro

302 1961 526 2000 luminaria
557 1961 751 2000 ecclesiae
782 1967 945 2000 vestrae
976 1967 1103 2013 atque
1134 1961 1343 2012 stipendia
1373 1973 1619 2012 pauperum,
1650 1960 1716 1999 vel

304 2021 375 2071 qui
397 2021 437 2059 in
461 2021 556 2059 aula
577 2020 854 2059 beatitudinis
876 2025 1039 2059 vestrae
1063 2020 1319 2071 quotidianis
1341 2020 1487 2059 diebus
1509 2019 1715 2059 deservire

301 2080 512 2129 videntur,
553 2080 760 2119 donamus
799 2080 953 2130 gloriae
994 2084 1157 2118 vestrae
1198 2079 1239 2118 in
1280 2079 1488 2118 territorio
1529 2079 1584 2118 ill.
1624 2079 1714 2117 loco

304 2139 359 2177 ill.
391 2139 443 2178 ad
475 2139 699 2189 integrum,
731 2139 839 2178 sicut
869 2152 892 2178 a
922 2139 1042 2177 nobis
1071 2151 1182 2177 nunc
1212 2151 1342 2189 usque
1373 2138 1560 2177 noscitur
1590 2138 1714 2176 fuisse

303 2210 553 2248 possessum,
584 2211 678 2237 cum
708 2197 927 2249 mancipiis
956 2198 1195 2237 nominibus
1225 2197 1465 2248 designatis,
1495 2197 1536 2236 id
1566 2201 1629 2235 est
1658 2196 1713 2234 ill.

304 2262 346 2295 et
375 2257 430 2295 ill.
460 2270 555 2296 cum
584 2270 711 2296 uxore
741 2262 783 2296 et
812 2257 920 2304 filiis,
951 2257 1139 2296 similiter
1169 2256 1381 2305 aedificiis,
1411 2256 1556 2304 vineis,
1585 2255 1714 2303 silvis,

304 2316 448 2366 pratis,
480 2317 657 2367 pascuis,
688 2316 925 2367 paludibus,
956 2316 1074 2367 aquis
1104 2328 1392 2368 aquarumque
1421 2314 1620 2354 ductibus
1649 2314 1715 2353 vel

301 2375 417 2413 omni
454 2375 539 2414 iure
576 2375 655 2414 loci
692 2375 833 2426 ipsius,
871 2380 919 2414 ut
955 2375 1152 2423 diximus,
1189 2375 1341 2425 gloriae
1379 2379 1541 2413 vestrae
1578 2373 1714 2413 deser-

303 2433 465 2472 vientes
508 2447 582 2485 pro
625 2434 847 2473 luminaria
890 2434 1083 2473 ecclesiae
1127 2439 1291 2473 vestrae
1335 2439 1462 2485 atque
1506 2432 1715 2484 stipendia

303 2506 535 2544 pauperum
574 2494 639 2532 vel
677 2493 919 2532 substancia
956 2506 1044 2542 sua,
1083 2493 1240 2544 absque
1279 2492 1504 2544 episcopali
1542 2491 1714 2543 impedi-

404 2600 416 2621 1
446 2601 480 2635 d.
514 2601 547 2635 lz.
580 2600 738 2636 ditatos.
