1895 2990
222 786 269 818 10

224 1080 267 1113 15

224 1375 270 1409 20

227 1788 271 1822 25

227 2084 273 2118 30

905 145 1123 184 -24-

304 250 369 289 vel
394 249 585 290 hostibus
611 264 681 290 seu
708 264 731 289 a
756 251 990 290 latronibus
1017 251 1143 290 fuerit
1166 252 1409 303 perpessusl
1434 252 1716 303 dispendium,

304 315 472 361 oportet
499 309 577 349 sibi
603 314 776 349 occasu2
803 310 843 349 in
873 311 962 349 foro
989 310 1157 362 publico
1187 311 1250 349 vel
1279 310 1452 349 civitate
1481 324 1576 349 cum
1603 311 1716 350 curia

304 368 496 420 publica³
531 374 574 407 et
609 369 825 408 defensore
863 369 927 408 vel
964 369 1133 420 reliquis
1171 369 1333 408 civibus
1369 369 1595 421 publicare.
1650 370 1716 409 Id-

305 427 411 466 circo
451 440 535 466 non
575 427 754 466 habetur
794 428 1121 479 percognitum⁴‚
1164 428 1343 479 qualiter
1383 428 1508 467 homo
1549 429 1717 468 nomine

305 486 371 525 ille
405 499 477 537 per
512 486 704 525 timorem
740 486 861 535 illius,
898 487 969 538 qui
1001 487 1196 525 Turonus
1230 487 1447 526 civitatem
1483 500 1593 526 anno
1627 500 1717 539 pre-

305 550 420 584 sente
453 544 659 583 hostiliter
693 545 810 584 venit
842 551 885 584 et
917 545 1051 584 multa
1085 546 1196 584 mala
1229 546 1383 585 ibidem
1418 546 1720 598 perpetravit5,

305 609 540 643 strumenta
574 616 649 643 sua
681 604 732 643 de
765 604 856 642 loca
889 604 1163 643 denominata
1197 605 1262 643 vel
1295 605 1345 643 de
1379 605 1554 644 diversis
1588 605 1717 644 facul-

306 663 465 701 tatibus
503 662 586 701 suis
614 662 763 701 subtus
788 668 897 701 terra
924 662 966 701 in
994 663 1093 701 villa
1120 662 1189 701 illa
1217 663 1342 711 misit,
1368 669 1410 702 ct
1436 664 1591 703 ibidem
1619 677 1715 703 con-

305 726 560 773 putruerunt
600 726 642 760 et
681 721 907 772 perierunt.
965 722 1213 772 ProptereaG
1253 722 1289 760 ei
1329 735 1491 761 necesse
1532 724 1627 771 fuit,
1668 728 1720 762 ut

312 793 393 819 una
421 793 515 819 cum
543 779 695 819 notitia
723 780 980 831 pagensium,
1011 780 1082 831 qui
1109 780 1187 819 hoc
1215 781 1429 831 cognitum
1458 781 1561 821 bene
1590 782 1716 822 habe-

306 840 446 887 bant⁷,
481 839 674 878 Turonus
708 839 924 878 civitatem
960 852 1195 891 appennem
1229 840 1378 879 exinde
1412 840 1614 880 deberent
1647 841 1719 880 ad-

307 898 486 946 firmare,
524 903 573 936 ut
610 903 999 949 quantumcumque
1037 911 1108 950 per
1147 898 1236 950 ipsa
1274 904 1513 938 strumenta
1551 904 1639 938 tam
1677 900 1718 939 in

307 956 426 995 terris
454 970 580 1008 quam
609 957 651 996 in
679 957 897 1008 mancipiis
924 970 995 996 seu
1022 963 1064 996 et
1090 957 1259 1009 reliquis
1285 958 1423 1006 rebus,
1453 958 1561 997 sicut
1588 971 1719 1010 usque

306 1028 417 1054 nunc
455 1016 597 1067 quieto
636 1016 779 1055 ordine
818 1016 955 1055 tenuit
993 1021 1035 1055 et
1071 1017 1272 1067 possedit,
1311 1017 1371 1056 ita
1409 1022 1451 1055 ct
1490 1017 1720 1056 admodum

309 1075 432 1114 liceat
466 1075 637 1114 inantea
671 1075 780 1126 ipsas
813 1088 877 1114 res
912 1075 1049 1126 quiete
1085 1081 1224 1114 tenere
1259 1081 1301 1114 et
1334 1076 1544 1127 possidere
1579 1081 1621 1115 et
1655 1076 1722 1115 cui

306 1133 498 1182 voluerit,
531 1133 695 1173 Christo
727 1135 970 1183 auxiliante,
1003 1134 1303 1185 derelinquere.
1355 1135 1475 1175 Unde
1508 1135 1720 1183 convenit,

305 1198 354 1232 ut
383 1193 488 1232 duas
520 1193 718 1244 epistolas
749 1206 832 1232 uno
865 1199 1007 1232 tenore
1052 1193 1312 1245 conscriptas
1353 1194 1501 1233 exinde
1534 1194 1626 1233 fieri
1656 1194 1722 1233 vel

306 1251 528 1291 adfirmare
555 1252 769 1301 deberent,
797 1258 845 1292 ut
871 1265 955 1292 una
982 1252 1023 1291 in
1050 1253 1141 1292 foro
1169 1253 1336 1304 publico
1364 1253 1405 1292 in
1432 1253 1521 1304 ipsa
1547 1253 1721 1292 civitate

306 1311 361 1350 sit
388 1311 583 1360 adfictass,
613 1311 694 1350 alia
722 1324 820 1350 vero
852 1311 936 1363 ipse
967 1324 1107 1351 secum
1136 1324 1210 1363 pro
1241 1313 1431 1351 cautela⁹
1460 1317 1501 1351 et
1530 1317 1722 1364 tempora

310 1370 453 1409 futura
484 1370 597 1422 apud
629 1383 669 1409 se
700 1370 927 1419 retineat¹⁰‚
952 1376 1013 1420 ut,
1046 1370 1079 1409 si
1111 1370 1280 1410 inantea
1311 1384 1475 1410 necesse
1508 1371 1647 1420 fuerit,
1680 1371 1721 1410 in

307 1429 515 1480 presentia
546 1429 652 1480 regis
683 1435 758 1469 aut
789 1429 991 1481 principis
1022 1429 1102 1469 loci
1133 1430 1188 1469 sit
1216 1430 1479 1481 proferenda.

307 1489 350 1527 F.
383 1489 640 1528 Turonenses
674 1489 734 1536 (Z.
772 1489 813 1529 S.
849 1490 938 1538 151,
971 1503 1012 1528 n.
1046 1489 1129 1538 28).
1178 1502 1214 1528 a.
1241 1489 1471 1529 700—750.

723 1655 788 1694 34.
823 1654 985 1693 Relatio
1018 1667 1112 1693 cum
1147 1654 1311 1693 iudicio.

388 1725 695 1764 Auctoritate¹¹
715 1725 815 1776 legis
833 1730 1079 1777 preceptum
1107 1730 1183 1774 est,
1211 1730 1259 1764 ut
1284 1725 1326 1764 in
1353 1730 1444 1764 toto
1470 1724 1555 1764 litis
1583 1725 1722 1764 termi-

313 1796 414 1822 num
451 1784 702 1836 requiratur,
740 1798 812 1836 per
843 1797 967 1836 quem
1005 1789 1098 1824 orta
1135 1789 1198 1823 est
1226 1784 1460 1833 contentio,
1499 1789 1541 1823 et
1567 1784 1600 1823 si
1632 1784 1724 1836 quis

309 1843 361 1882 ad
386 1843 579 1895 rapinam
605 1843 841 1883 faciendam
867 1843 1109 1894 adgreditur
1134 1849 1209 1883 aut
1234 1843 1311 1883 iter
1336 1849 1529 1894 agentem
1555 1843 1723 1882 insidia-

308 1902 417 1941 verit
465 1908 539 1942 aut
586 1903 761 1942 domum
810 1902 980 1942 alterius
1027 1908 1258 1942 nocturnus
1306 1902 1562 1954 spoliaverit,
1611 1914 1723 1941 mors

309 1961 445 2000 anime
476 1961 604 2013 ipsius
632 1966 719 2001 ne¹2
746 1962 996 2013 requiratur.
1028 1961 1160 2012 Igitur
1189 1974 1262 2012 ego
1292 1961 1333 2000 in
1354 1961 1431 2000 Dei
1459 1961 1626 2001 nomine
1655 1961 1722 2000 ille

309 2020 433 2059 iudex
460 2021 630 2060 veniens
655 2020 698 2060 in
722 2021 812 2060 loco
838 2026 1109 2073 nuncupante
1136 2020 1204 2060 illo
1231 2021 1306 2060 sub
1332 2021 1398 2059 die
1424 2020 1493 2059 illo
1518 2033 1603 2060 una
1628 2032 1724 2060 cum

315 2079 434 2118 bonis
470 2079 712 2119 hominibus
747 2080 800 2119 ad
836 2080 974 2119 locum
1010 2080 1269 2128 accessionis,
1306 2080 1378 2119 ubi
1414 2079 1563 2132 aliquis
1598 2079 1723 2118 homo

309 2138 476 2177 nomine
516 2138 582 2178 ille
623 2139 838 2190 quondam
878 2139 1123 2178 interfectus
1163 2138 1340 2187 iacebat,
1380 2139 1608 2190 requirens,
1647 2150 1722 2190 pro

310 2210 393 2248 qua
423 2211 464 2236 re
498 2198 652 2237 ibidem
684 2198 930 2237 interfectus
961 2198 1121 2238 fuisset.
1173 2197 1253 2238 Sed
1285 2198 1502 2237 venientes
1533 2197 1722 2236 homines

310 2255 464 2295 ibidem
492 2262 821 2306 commanentes,
850 2257 921 2309 qui
949 2257 991 2296 in
1018 2256 1137 2296 initio
1165 2257 1250 2296 litis
1277 2256 1433 2296 ibidem
1461 2257 1631 2296 fuerunt
1657 2255 1723 2294 vel

311 2315 382 2366 qui
405 2316 458 2354 ad
484 2315 594 2367 ipsos
617 2316 804 2356 huccos¹³
829 2321 1114 2364 cucurrerunt,
1135 2316 1304 2367 quando
1329 2316 1412 2355 iam
1436 2315 1574 2355 dictus
1597 2314 1724 2354 homo

411 2422 425 2442 ¹
451 2432 660 2467 perpensus
682 2423 724 2458 B.
745 2442 796 2447 —
814 2423 828 2444 ²
846 2423 919 2458 hoc
938 2433 1072 2458 casum
1096 2433 1118 2457 a
1140 2425 1180 2465 23
1201 2422 1274 2458 hoc
1294 2433 1386 2457 casu
1405 2423 1439 2457 A
1459 2424 1492 2457 3.
1514 2441 1562 2446 —
1591 2421 1607 2442 ³
1626 2430 1722 2466 pup-

310 2474 382 2509 lica
404 2474 447 2510 B.
480 2495 529 2499 —
558 2475 832 2520 ⁴¹incognitum
865 2486 887 2511 a
921 2478 955 2519 2,
989 2475 1032 2511 B.
1067 2495 1117 2500 -—
1148 2476 1162 2496 ⁵
1184 2475 1408 2520 perperavit
1441 2475 1484 2510 B.
1519 2494 1568 2499 —
1601 2474 1615 2496 ⁶
1637 2484 1723 2519 pro-

312 2530 416 2562 terea
449 2529 482 2562 A
517 2531 549 2563 3.
583 2549 632 2553 —
665 2529 677 2549 ⁷
701 2529 874 2564 habeant
899 2528 937 2564 C.
963 2549 1012 2553 ——
1037 2531 1051 2550 ⁸
1074 2529 1208 2563 adfixa
1234 2529 1272 2564 C.
1299 2549 1348 2553 —-
1372 2529 1386 2550 ⁹
1409 2527 1577 2563 cautella
1604 2527 1647 2563 B.
1673 2547 1723 2551 —

312 2577 343 2602 ¹⁰
355 2583 529 2616 reteneat
556 2581 598 2617 B.
620 2601 668 2606 ——
689 2582 718 2603 ¹¹
733 2581 945 2617 autoritate
967 2583 999 2617 A
1022 2585 1055 2617 3.
1078 2602 1127 2606 ——
1149 2582 1179 2603 ¹²
1196 2592 1273 2617 non
1295 2592 1316 2616 a
1339 2584 1371 2616 2.
1393 2601 1442 2605 —
1464 2581 1493 2602 ¹³
1507 2590 1623 2616 uccos
1644 2591 1666 2615 a
1687 2583 1721 2616 1.
