1895 2990
777 123 967 162 -9-

171 228 249 268 hoc
273 228 510 268 habueretis
536 229 647 280 quod
671 228 917 280 opponerel,
942 240 1026 266 non
1051 228 1170 266 aliter
1195 227 1287 276 fiat,
1312 228 1391 266 nisi
1414 234 1579 268 vosmet

171 287 249 339 ipsi
268 301 338 339 per
359 287 469 327 hunc
489 287 723 326 indecolum
744 286 1000 325 commoneti
1023 286 1235 325 Kalendas
1255 286 1346 325 illas
1366 287 1578 337 proximas

171 346 223 385 ad
252 352 440 386 nostram
470 345 647 384 veniatis
677 345 932 396 presentiam
961 345 1096 384 eidem
1127 345 1206 384 0b2
1237 344 1339 384 hoc3
1368 345 1577 396 integrum

170 410 213 444 et
244 405 416 456 legalem
448 405 545 443 dare
578 416 789 454 responso.

170 464 214 503 F.
244 463 432 503 Marculfi
463 462 522 510 (Z.
556 462 596 502 S.
626 462 690 511 60,
721 476 761 501 n.
792 462 874 511 29).
908 462 945 501 7.
977 462 1045 503 Jh.
1639 466 1658 499 5

379 592 441 630 15.
476 591 690 630 Relatione
721 591 955 642 paginsium
986 591 1038 630 ad
1068 604 1161 642 rege
1192 591 1365 631 directa.

254 662 518 712 Suggerendo
544 661 729 713 piissimo
756 667 909 713 atquae
936 661 1303 713 precellentissimo
1329 662 1484 701 domno
1510 662 1578 700 illo

168 733 260 771 rege
285 725 327 759 et
350 720 550 759 maiorem
574 721 722 760 domus
747 720 815 759 illo
841 733 865 760 a
889 720 1017 759 servis
1042 721 1192 760 vestris
1216 720 1458 772 paginsibus
1483 720 1575 769 illis,

170 792 347 831 quorum
400 779 716 818 subscribtionis
767 779 832 818 vel
884 779 1097 830 signacula
1148 780 1290 819 subter
1349 785 1545 819 tenentur
1562 779 1578 802 ‘¹

169 838 360 877 insertae.
426 838 751 889 principalitatis
798 844 961 877 vestrae
1009 838 1311 890 circumspecta
1357 838 1578 878 clementia
1613 843 1659 876 10

168 897 289 936 novit
321 897 432 936 iusta
464 897 705 948 petentibus
739 897 959 947 dignanter
993 910 1173 936 annuere
1207 903 1250 936 et
1285 897 1580 936 necessitatem

168 955 428 1007 patientibus
459 955 679 994 subvenire
711 956 946 995 clementer.
1007 956 1169 994 Paenae
1211 956 1404 995 omnibus
1445 961 1578 1007 patet,

167 1014 377 1065 regionem
404 1019 591 1053 nostram
620 1014 672 1053 ab
700 1014 892 1053 hostibus
918 1015 1221 1066 depopulatam
1245 1028 1330 1053 esse
1360 1020 1402 1054 et
1428 1016 1579 1054 domus

168 1073 399 1112 multorum
420 1073 511 1124 igne
532 1078 738 1112 crematas
759 1073 823 1112 vel
843 1073 966 1112 rebus
988 1073 1159 1122 ablatis3
1182 1073 1290 1112 inter
1312 1087 1415 1125 quos
1435 1086 1579 1112 servus

169 1137 306 1170 vester
337 1132 402 1170 ille
432 1144 516 1170 non
547 1132 758 1171 modicum
782 1132 936 1171 ibidem
959 1145 1177 1184 perpessus
1208 1138 1271 1171 est
1301 1133 1503 1171 damnum
1535 1137 1577 1171 et
1611 1135 1655 1170 15

169 1191 218 1229 de
240 1190 363 1229 rebus
386 1191 468 1229 suis
491 1190 768 1242 dispendium,
792 1191 859 1230 vel
881 1191 1022 1230 omnia
1044 1191 1325 1230 instrumenta
1349 1196 1574 1239 cartarum,

170 1249 281 1300 quod
308 1249 409 1300 ipsi⁵
434 1249 499 1288 vel
525 1254 718 1301 parentes
744 1250 807 1288 sui
832 1249 1084 1298 habuerunt,
1112 1255 1201 1289 tam
1229 1250 1340 1302 quod
1367 1264 1417 1289 ex
1444 1250 1578 1289 muni-

169 1308 340 1348 ficentia
352 1321 494 1359 regum
509 1309 707 1359 possedit,
725 1322 851 1360 quam
870 1309 981 1360 quod
997 1322 1067 1360 per
1082 1308 1344 1358 vindicionis,
1361 1309 1577 1357 cessiones,

150 1366 429 1416 donationes,
469 1368 906 1419 commutationesque
947 1368 1119 1407 titulum
1159 1367 1321 1417 habuit,
1362 1381 1445 1407 una
1484 1380 1579 1406 cum

168 1425 294 1464 domo
330 1438 404 1465 sua
439 1426 677 1465 incendium
714 1432 1000 1466 concrematas
1036 1440 1121 1465 esse
1157 1432 1404 1466 nuscuntur.
1457 1427 1577 1467 Unde
1615 1432 1660 1464 20

168 1489 308 1523 nostre
336 1485 545 1536 parvitate
574 1485 710 1536 petiit,
741 1486 853 1537 quod
881 1485 1084 1525 veraciter
1112 1486 1260 1525 exinde
1290 1486 1578 1537 cognovimus,

169 1555 240 1594 per
295 1542 402 1582 hanc
454 1549 642 1583 nostram
697 1544 1029 1595 suggestionem⁶
1085 1550 1248 1584 vestrae
1305 1545 1579 1584 innotiscere⁷

168 1601 431 1651 clementiae3
463 1603 574 1654 quod
605 1608 647 1642 et
670 1603 820 1642 facire8
851 1603 959 1642 servi
980 1603 1109 1642 vestri
1132 1603 1383 1643 curavimus.
1430 1604 1580 1643 Vestra

168 1660 302 1712 pietas
334 1660 490 1710 iubeat,
522 1662 633 1713 quod
664 1674 823 1714 usquae
854 1663 978 1702 modo
1010 1662 1052 1701 in
1082 1675 1210 1713 regno
1241 1668 1381 1701 vestro
1413 1663 1579 1714 quietus

168 1719 428 1770 possedeat⁹‚
458 1719 566 1760 circa
595 1721 740 1760 eodem
769 1734 841 1772 per
870 1726 1011 1760 vestro
1040 1734 1211 1760 munere
1241 1726 1499 1773 preceptum,
1529 1726 1578 1760 ut
1612 1725 1656 1759 25

168 1777 338 1817 inantea
370 1778 522 1828 valeat,
556 1779 658 1818 dum
692 1792 766 1819 sua
791 1780 1016 1831 perdedit1⁰
1041 1780 1336 1829 instrumenta,
1360 1780 1577 1832 possedere

169 1836 336 1888 quietus
369 1842 411 1876 et
433 1850 612 1877 securus.
659 1839 743 1877 Nos
776 1838 884 1877 servi
909 1839 1039 1878 vestri
1065 1839 1176 1890 quod
1210 1839 1359 1878 exinde
1393 1838 1580 1878 Veratius

168 1895 320 1934 scimus
337 1895 583 1936 innotiscere
602 1897 978 1949 praesumpsimus,
998 1903 1186 1937 vestrum
1205 1903 1268 1937 est
1286 1898 1579 1937 necessitatem

168 1954 427 2005 patientibus
455 1955 691 1995 subvenire.

167 2013 212 2051 F.
246 2013 436 2052 Marculfi
470 2014 528 2061 (Z.
566 2014 606 2054 S.
640 2015 813 2064 64-65,
846 2029 887 2054 n.
921 2016 1005 2064 34).
1038 2016 1075 2055 7.
1105 2015 1173 2057 Jh.
1617 2021 1662 2055 30

199 2154 260 2193 16.
295 2154 568 2194 Confirmatio
601 2156 651 2195 de
685 2156 802 2195 omni
834 2169 1005 2208 corpore
1040 2155 1256 2196 facultatis
1289 2156 1546 2196 monasterii.

250 2224 322 2263 Ille
347 2237 419 2263 rex
446 2224 515 2264 illo
541 2226 713 2277 patritio
740 2232 868 2278 atque
896 2227 1091 2266 omnibus
1117 2227 1353 2278 agentibus.
1400 2227 1578 2266 Rectum

168 2295 253 2322 esse
285 2283 504 2332 censimus,
536 2289 584 2323 ut
615 2284 889 2336 petitionibus
921 2286 1202 2335 sacerdotum,
1229 2290 1369 2338 quaell
1401 2286 1454 2326 ad
1486 2298 1579 2338 pro-

241 2390 255 2410 1
271 2389 464 2434 obponere
483 2389 527 2424 B.
549 2410 586 2414 —
602 2390 676 2425 ²ab
698 2391 927 2434 A2‚A3‚B.
948 2412 985 2416 —
1001 2392 1167 2427 ³hoA3.
1199 2412 1237 2416 —-
1262 2392 1522 2427 ⁴tenunturA
1544 2395 1578 2428 3.

167 2461 216 2466 —
252 2441 266 2463 ⁵
290 2442 371 2487 ipse
396 2444 430 2478 A
456 2445 491 2485 3,
519 2442 562 2478 B.
597 2462 647 2467 —
680 2443 694 2464 ⁶
718 2445 1003 2489 suggessionem
1029 2446 1062 2480 A
1089 2447 1129 2487 3;
1164 2445 1423 2490 suggescionis
1450 2445 1494 2481 B.
1532 2464 1583 2470 -

169 2494 182 2515 ⁷
208 2494 444 2530 innotescere
471 2497 504 2531 A
532 2497 566 2538 2,
592 2497 626 2531 A
653 2498 687 2538 3,
715 2496 758 2532 B.
785 2517 835 2521 —-
862 2499 875 2519 Β
899 2498 1024 2533 facere
1050 2499 1084 2533 A
1111 2500 1146 2541 2,
1172 2499 1205 2533 A
1232 2500 1266 2540 3,
1294 2498 1337 2533 Β.
1372 2518 1422 2522 -—
1456 2498 1470 2519 ⁹
1495 2508 1578 2543 pos-

168 2546 268 2582 sedit
293 2549 326 2583 A
352 2550 386 2591 2,
412 2549 444 2583 A
471 2551 506 2591 3,
533 2548 576 2583 B.
603 2568 652 2573 —
680 2546 712 2570 ¹⁰
736 2550 904 2594 perdidit
928 2551 961 2586 A
988 2553 1023 2594 2,
1048 2552 1081 2586 A
1107 2553 1140 2586 3.
1169 2571 1218 2575 —
1248 2548 1285 2572 1¹
1306 2551 1371 2596 qui
1391 2552 1424 2586 A
1445 2553 1479 2587 3.
