1836 2985
227 767 272 799 10

227 1061 272 1093 15

226 1462 270 1495 20

225 1758 269 1792 25

225 2054 270 2088 30

226 2348 271 2383 35

901 127 1115 166 —40-

310 231 381 283 qui
409 231 563 271 ibidem
591 233 781 281 aderant,
809 233 1105 284 interpellabat
1132 233 1298 272 homine
1325 233 1429 272 alico
1456 246 1607 273 nomen
1635 234 1716 274 illo.

313 290 547 342 Repetebat
569 291 619 340 ei,
643 292 744 330 dum
768 292 937 340 diceret,
967 305 1014 331 eo
1039 292 1150 343 quod
1174 293 1334 343 genitor
1358 305 1456 331 suus
1478 305 1631 332 nomen
1652 293 1717 332 ille

309 349 479 389 colenus
502 350 637 389 sancti
660 350 767 389 illius
790 351 839 389 de
863 351 962 389 villa
986 351 1055 390 illa
1078 351 1238 400 fuisset,
1262 357 1303 390 et
1328 351 1412 402 ipse
1437 351 1633 391 colonitio
1668 352 1718 391 de

308 409 444 460 capud
476 421 597 448 suum
628 409 678 448 ad
712 409 800 461 ipsa
823 422 919 448 casa
945 410 1022 448 Dei
1043 410 1241 449 redebeat
1263 416 1306 449 et
1329 410 1477 449 exinde
1501 411 1719 461 neglegens

310 468 475 516 aderat3
501 473 543 506 et
568 468 652 519 ipse
678 468 719 507 in
744 473 934 519 presente
960 468 1037 507 hoc
1063 469 1227 508 fortiter
1251 469 1488 520 denegabat
1512 474 1554 508 et
1579 469 1719 509 taliter

309 526 425 565 dedit
443 527 483 565 in
502 539 577 565 suo
594 539 806 577 responso,
821 527 932 578 quod
952 527 1001 566 de
1020 532 1138 578 patre
1159 528 1318 567 Franco
1335 529 1481 567 fuisset
1497 534 1719 579 generatus

309 590 351 624 et
382 585 431 623 de
463 590 597 624 matre
630 585 790 624 Franca
822 585 969 624 fuisset
999 591 1138 624 natus.
1189 586 1308 626 Unde
1341 587 1423 626 tale
1456 592 1718 627 sacramento

310 657 380 695 per
421 657 538 682 suam
580 643 775 682 fistucam
816 644 930 683 visus
971 644 1051 683 fuit
1091 644 1415 694 adchramire*¹,
1445 652 1488 685 et
1515 646 1653 685 taliter
1683 646 1721 685 ci

310 703 390 741 fuit
429 702 674 751 iudicatum,
720 708 769 742 ut
807 715 856 742 ac
894 715 1020 742 causa
1059 704 1172 754 apud
1212 704 1484 755 proximiores
1523 710 1720 757 parentes

308 774 416 810 suOS,
435 767 529 800 octo
547 761 597 800 de
611 766 728 812 parte
742 762 926 812 genitore
940 774 1013 800 suo
1027 767 1069 801 et
1084 767 1286 813 quattuor
1299 763 1348 801 de
1362 769 1480 814 parte
1494 764 1718 814 genitricac

308 833 419 869 suae,
442 820 475 859 si
498 820 695 859 fermotui
720 834 804 859 non
832 826 944 869 sunt,
967 826 1009 860 et
1032 821 1065 859 si
1092 821 1310 860 fermortui
1338 827 1450 871 sunt,
1475 823 1584 874 apud
1616 823 1718 862 duo-

308 878 441 918 decim
473 879 654 918 Francos
687 879 806 928 tales,
841 879 1006 931 qualem
1040 893 1080 918 se
1113 893 1199 919 esse
1233 880 1354 929 dixit,
1388 881 1429 920 in
1463 881 1532 920 illo
1565 887 1718 930 castro,

308 938 347 977 in
379 938 547 977 basilica
581 944 726 977 sancto
757 938 840 987 illo,
871 939 944 978 ubi
973 939 1133 990 reliqua
1163 945 1425 979 sacramenta
1456 946 1719 991 percurrunt,

308 997 349 1036 in
368 997 418 1036 40
435 1002 578 1036 noctes
597 998 637 1036 in
656 998 848 1048 proximo
868 998 1021 1037 mallo*
1040 1003 1136 1049 post
1153 998 1292 1038 banno
1310 999 1455 1037 resiso2
1472 998 1550 1038 hoc
1568 999 1721 1039 debeat

307 1056 536 1095 coniurare.

307 1115 351 1154 F.
373 1115 628 1155 senonenses
645 1116 894 1155 recentiores
914 1116 973 1163 (Z.
1001 1116 1040 1156 S.
1060 1116 1286 1165 211—212,
1304 1130 1344 1156 n.
1365 1117 1420 1166 2).
1439 1129 1476 1156 a.
1497 1117 1718 1157 800—850.

747 1270 812 1308 56.
847 1269 1009 1308 Notitia
1040 1270 1089 1309 de
1121 1283 1253 1309 servo.

391 1339 568 1388 Notitia,
600 1340 779 1391 qualiter
810 1341 875 1379 vel
907 1340 1059 1392 quibus
1088 1341 1352 1392 presentibus
1383 1341 1553 1380 veniens
1583 1341 1649 1380 ille
1679 1341 1721 1380 in

308 1411 431 1437 causa
468 1399 723 1438 monasterio
760 1399 894 1438 sancti
929 1400 1038 1439 illius
1075 1400 1259 1439 civitatis
1294 1400 1404 1439 illius
1439 1400 1632 1452 pontifici
1667 1401 1721 1439 ad

308 1458 441 1496 vicem
475 1458 711 1497 venerabile
745 1459 835 1497 viro
869 1458 938 1497 illo
972 1459 1126 1498 abbate
1160 1459 1211 1498 de
1243 1459 1432 1510 predicto
1465 1459 1721 1499 monasterio

307 1517 371 1555 die
401 1517 470 1556 illo
500 1517 608 1556 illius
637 1517 823 1556 civitatis
852 1518 894 1556 in
923 1518 1075 1557 mallo*
1105 1518 1271 1569 publico
1301 1524 1398 1557 ante
1429 1519 1602 1557 inluster
1631 1518 1720 1558 viro

307 1576 376 1614 illo
406 1577 557 1615 comite
587 1582 629 1616 et
658 1582 755 1616 ante
786 1577 854 1616 illo
883 1577 1077 1629 episcopo
1106 1577 1173 1616 vel
1202 1577 1292 1616 aliis
1319 1578 1458 1629 plures
1487 1577 1722 1628 magnificis

307 1635 419 1684 viris,
466 1635 538 1687 qui
582 1635 737 1675 ibidem
782 1636 1045 1685 resedebant,
1091 1636 1259 1675 homine
1305 1637 1409 1675 alico
1454 1649 1607 1675 nornen
1652 1637 1721 1675 illo

307 1694 461 1733 ibidem
503 1695 813 1746 interpellabat.
874 1695 1006 1745 Dixit,
1049 1708 1096 1734 eo
1139 1696 1251 1747 quod
1293 1708 1436 1735 servus
1477 1695 1722 1735 monasterii

307 1753 442 1792 sancti
466 1753 576 1793 illius
601 1754 650 1793 de
676 1755 813 1806 capud
838 1767 959 1794 suum
985 1755 1146 1803 aderat,
1171 1760 1214 1794 et
1237 1755 1408 1794 colonus
1433 1755 1562 1806 ipsius
1587 1754 1723 1793 sancti

308 1812 417 1852 illius
450 1825 603 1852 nomen
638 1813 703 1852 ille
737 1814 787 1852 de
823 1814 983 1853 Franco
1017 1813 1184 1853 homine
1218 1819 1501 1865 conparasset,
1536 1819 1578 1853 et
1610 1813 1720 1853 malo

307 1872 450 1911 ordine
469 1872 558 1923 ipso
577 1872 747 1912 servitio
765 1873 958 1924 partibus
975 1873 1218 1912 monasterii
1236 1873 1371 1912 sancti
1388 1873 1496 1912 illius
1514 1873 1722 1923 effugibat

307 1931 372 1969 vel
412 1931 675 1971 intendebat.
734 1932 1046 1983 Interrogatum
1087 1932 1168 1971 fuit
1207 1932 1336 1983 ipsius
1377 1945 1509 1981 servo,
1551 1945 1590 1971 se
1632 1932 1721 1983 ipsa

307 2002 433 2029 causa
471 2003 571 2029 vera
608 1996 712 2040 erat,
752 2004 883 2039 anon;
923 1991 994 2030 sed
1034 1991 1112 2042 ipsi
1150 2004 1293 2030 servus
1331 1991 1373 2030 in
1412 1991 1605 2030 omnibus
1643 1990 1721 2030 hoc

308 2049 471 2088 fortiter
499 2050 737 2101 denegavit.
784 2050 841 2089 Et
868 2050 954 2102 ipse
983 2050 1093 2090 abba
1121 2050 1188 2089 vel
1216 2063 1314 2089 suus
1343 2055 1546 2089 avocatus
1575 2054 1721 2089 contra

307 2109 494 2159 predicto
532 2122 651 2148 servo
688 2109 967 2148 intendebant
1003 2114 1046 2148 et
1068 2109 1209 2148 taliter
1232 2110 1444 2158 dixerunt,
1469 2109 1581 2161 quod
1604 2108 1720 2147 testi-

307 2167 448 2207 monia
482 2167 672 2207 homines
694 2168 874 2207 Francos
908 2173 1148 2220 presentare
1183 2169 1405 2219 potebant,
1441 2168 1513 2220 qui
1546 2167 1613 2206 hic
1646 2167 1718 2206 ad-

308 2226 494 2275 stabant,
525 2227 637 2278 quod
668 2227 753 2279 ipse
784 2227 955 2266 colonus
985 2228 1074 2278 ipso
1105 2233 1424 2279 conparaverat,
1454 2232 1496 2266 et
1526 2227 1566 2266 in
1597 2239 1720 2265 suum

307 2285 524 2324 servitium
550 2299 645 2325 eum
671 2286 867 2326 viderant
891 2286 1112 2335 deservire,
1139 2291 1182 2325 et
1207 2300 1279 2338 per
1304 2287 1391 2337 lege
1418 2298 1560 2325 servus
1586 2285 1721 2324 sancti

309 2343 377 2382 illo
403 2357 488 2383 esse
515 2345 659 2394 debet3
678 2351 727 2384 ut
753 2345 842 2397 ipsa
867 2358 939 2384 ora
964 2345 1049 2397 ipse
1077 2345 1188 2384 abba
1212 2345 1279 2385 vel
1306 2346 1391 2397 ipse
1417 2349 1620 2384 avocatus
1646 2357 1720 2383 sua

309 2403 566 2453 testimonia,
602 2403 783 2444 hominis
820 2409 980 2456 septem
1016 2403 1078 2443 his
1114 2404 1354 2444 nominibus
1390 2404 1445 2443 ill.
1476 2409 1519 2443 et
1541 2403 1611 2453 ill.,
1649 2403 1719 2442 ad-

409 2510 419 2530 ¹
449 2510 690 2545 adchramire
719 2512 873 2546 besserte
902 2523 929 2546 c.
963 2511 1001 2546 in
1030 2511 1261 2546 addramire.
1290 2531 1339 2536 —-
1367 2511 1379 2532 ²
1399 2510 1435 2545 b.
1457 2521 1506 2546 r.:
1531 2509 1719 2545 nachdem

307 2562 372 2598 der
404 2563 515 2598 Banu
547 2563 685 2608 geruht
712 2564 823 2599 hatte
