1895 2990
261 508 281 541 <n

231 804 276 835 10

231 1099 276 1131 15

234 1394 279 1427 20

233 1690 278 1723 25

233 1984 277 2019 30

234 2279 278 2314 35

918 152 1129 191 -30-

314 256 377 295 42.
402 256 443 295 Si
463 269 556 295 cum
576 269 669 307 rege
689 257 915 296 licientiam
931 258 1045 309 loqui
1060 272 1143 297 non
1161 258 1339 306 abueris,
1361 258 1503 309 quales
1519 271 1729 298 sermones

437 316 478 354 in
509 328 634 354 manu
668 317 758 366 ejus
788 317 934 355 mittas
961 318 1190 356 secundum
1223 322 1339 356 tuam
1371 317 1598 356 racionem.

396 386 586 425 Piissimo
625 399 672 425 ac
710 387 968 426 serenissimo
1006 388 1176 427 domino
1209 401 1300 426 meo
1339 388 1498 436 Carolo,
1526 388 1727 427 excellen-

314 445 474 483 tissimo
500 450 662 496 agusto.
703 446 886 485 Auribus
911 446 1061 485 vestris
1087 459 1227 485 servos
1254 451 1389 485 vester
1416 447 1480 485 ille
1507 447 1729 498 perducere

321 504 519 555 conpellit
547 504 785 553 necessitas,
816 503 1022 556 quantum
1052 518 1198 556 passus
1227 518 1318 544 sum
1346 505 1511 544 malicia
1540 506 1731 545 incontra

318 563 499 602 drictum
556 563 621 601 vel
683 564 768 602 sine
825 563 990 602 iudicio.
1062 564 1277 603 Venerunt
1333 564 1474 616 itaque
1532 565 1730 614 dicentes,

318 622 429 673 quod
461 635 510 660 ex
543 622 722 660 iussione
753 627 894 661 vestra
924 622 1039 660 missi
1069 623 1197 661 vestri
1229 623 1417 671 fuissent,
1448 629 1490 662 et
1519 636 1590 675 per
1620 624 1731 663 mala

318 681 483 731 ingenia
519 686 647 732 atque
685 681 813 719 forcia
849 680 951 719 mihi
986 694 1049 719 res
1085 681 1354 732 proprietatis
1390 695 1504 721 meae
1542 683 1731 721 tulerunt

319 752 425 791 quae
454 739 638 789 legitime
669 744 796 791 atque
828 740 940 778 iurae
970 739 1220 779 hereditario
1251 739 1354 778 mihi
1383 740 1658 790 obvenerunt,
1688 746 1732 780 et

324 798 480 849 Joseph
514 799 708 849 episcopo
743 798 846 837 mihi
881 799 1044 837 tradere
1080 799 1372 850 conpulerunt,
1408 804 1450 838 et
1485 813 1555 838 aec
1590 801 1731 839 omnia

315 870 386 908 per
422 857 535 896 mala
571 857 736 908 ingenia
772 862 899 909 atque
937 857 1248 896 contrarietate.
1303 858 1390 908 Ego
1427 858 1553 897 alium
1590 859 1730 898 defen-

316 929 449 955 sorem
493 916 785 967 presentaliter
828 916 1097 955 manifestare
1141 930 1224 955 non
1269 917 1403 968 potui,
1446 917 1523 955 nisi
1567 923 1730 957 vestrae

313 975 462 1025 regalis
499 975 743 1014 clementiae
780 981 940 1014 cartam
972 976 1321 1014 mundburalem*
1354 976 1532 1025 ostendi,
1563 982 1606 1015 et
1628 976 1731 1015 mihi

314 1034 417 1073 nihil
440 1035 613 1086 profuit,
637 1035 722 1083 sed,
746 1039 794 1073 ut
817 1035 918 1083 dixi,
942 1048 1013 1086 per
1032 1035 1196 1085 ingenia
1219 1035 1330 1074 mala
1353 1036 1489 1086 adque
1513 1035 1731 1074 volontate

320 1093 499 1144 pessima
537 1093 731 1132 eicientes
767 1107 832 1132 me
868 1094 918 1133 de
956 1094 1045 1145 ipsa
1080 1093 1326 1133 hereditate.
1382 1095 1436 1133 Et
1472 1107 1546 1145 ego
1582 1094 1733 1134 ancilla

315 1158 455 1191 vestra
485 1153 689 1191 caeleravi
718 1153 770 1191 ad
806 1153 1007 1203 vestigial
1036 1153 1206 1204 pietatis
1235 1158 1398 1192 vestrae
1422 1166 1656 1205 properare,
1685 1158 1734 1192 ut

315 1211 603 1251 misericordia
645 1217 787 1251 vestra
828 1225 894 1250 me
936 1212 1084 1251 exinde
1128 1212 1339 1262 dignasset
1380 1213 1593 1261 adiuvare,
1636 1212 1734 1264 quia

316 1276 442 1309 antea
468 1284 543 1309 nec
571 1271 615 1310 in
642 1271 806 1310 ratione
833 1271 982 1310 exinde
1011 1271 1070 1310 fui
1096 1284 1171 1310 nec
1198 1271 1463 1323 interpellata
1488 1284 1733 1322 responsum
1785 1293 1788 1296 ⁴

315 1330 425 1369 dedi.
477 1330 632 1369 Vestra
666 1330 800 1382 pietas
833 1329 910 1369 hoc
943 1331 1163 1369 emendare
1198 1330 1420 1382 conpellat,
1455 1330 1632 1382 qualiter
1665 1330 1733 1369 eli-

322 1389 486 1428 mosina
529 1394 657 1441 atque
701 1389 848 1428 mercis
893 1402 964 1428 seu
1003 1389 1369 1428 mundeburdum*
1406 1394 1542 1428 vester
1573 1402 1734 1441 semper

317 1448 548 1487 adcrescat.
596 1449 775 1487 Domine
805 1448 863 1487 mi
890 1462 976 1496 rex,
1007 1449 1221 1499 cognitum
1251 1449 1304 1487 sit
1331 1448 1458 1499 regali
1486 1449 1732 1487 clemenciae

317 1512 497 1556 vestrae,
521 1507 619 1559 quia
641 1507 730 1558 ipsa
752 1507 986 1547 hereditate
1008 1507 1128 1546 vobis
1149 1508 1311 1546 tradere
1333 1508 1541 1557 volebam,
1565 1508 1733 1559 quando

316 1566 421 1605 mihi
440 1566 542 1605 haec
563 1567 805 1617 malignitas
826 1566 1015 1606 adcrevit
1036 1566 1228 1606 incontra
1247 1566 1420 1605 rationis
1441 1567 1605 1615 ordine3
1627 1567 1735 1605 sicut

317 1625 453 1677 pietas
481 1630 625 1665 vestra
654 1631 796 1678 potest
824 1638 1083 1676 cognoscere,
1113 1626 1146 1664 si
1174 1626 1298 1665 fuerit
1326 1626 1488 1674 missus,
1519 1626 1589 1677 qui
1618 1638 1733 1664 vera-

323 1684 423 1724 citer
453 1684 532 1723 hoc
562 1685 690 1724 faciat
719 1685 984 1735 investigare.
1032 1685 1135 1724 Peto
1164 1697 1346 1736 namque
1375 1684 1525 1736 pietati
1555 1690 1733 1733 vestrae,

315 1749 364 1783 ut
393 1744 542 1783 exinde
575 1744 777 1783 revestita
808 1744 992 1793 fuissem,
1022 1757 1094 1795 per
1124 1744 1403 1783 misericordia
1434 1750 1574 1783 vestra
1605 1744 1733 1782 talem

316 1803 490 1842 missum
520 1803 776 1852 habuissem,
808 1804 880 1855 qui
909 1803 1011 1842 mihi
1041 1803 1190 1842 exinde
1221 1803 1263 1842 in
1292 1803 1428 1841 locum
1459 1802 1733 1854 protectionis

317 1867 480 1901 vestrae
521 1863 738 1901 defensare
779 1868 821 1902 et
860 1862 1103 1901 munburire
1145 1861 1321 1911 fecisset,
1364 1862 1541 1913 qualiter
1582 1861 1735 1913 pietati

316 1927 480 1960 vestrae
530 1922 837 1961 interveniente
887 1922 1036 1961 exinde
1086 1926 1330 1973 recuperata
1382 1921 1564 1959 fuissem.
1633 1921 1734 1959 Post

320 1981 455 2019 Deum
480 1986 523 2019 et
549 1981 706 2020 sanctis
729 1981 816 2032 spei
839 1994 954 2020 meae
979 1981 1168 2020 continet
1194 1980 1412 2032 plenitudo
1438 1980 1605 2030 regalis;
1633 1984 1675 2018 et
1701 1979 1735 2018 si

316 2040 367 2078 de
396 2040 486 2091 ipsa
515 2052 641 2079 causa
667 2040 865 2079 revestire
892 2053 956 2079 me
984 2039 1086 2079 facit
1103 2039 1384 2078 misericordia
1412 2044 1565 2087 vestra,
1588 2038 1621 2077 si
1642 2038 1734 2090 quis

318 2104 466 2149 postea
484 2112 556 2150 per
575 2099 708 2150 legem
726 2104 769 2138 et
788 2099 996 2138 iusticiam
1015 2098 1093 2138 hoc
1111 2103 1292 2150 superet,
1310 2098 1413 2137 haec
1430 2097 1533 2136 mihi
1550 2098 1735 2136 maxima

318 2170 414 2208 pars
443 2158 577 2197 dolori
605 2159 794 2207 advenit,
836 2159 1004 2209 quando
1033 2170 1108 2197 nec
1135 2158 1187 2197 ad
1216 2162 1403 2196 vestrum
1433 2170 1537 2208 opus
1566 2157 1735 2195 fuerunt

317 2222 537 2255 revocatas
569 2230 645 2256 nec
677 2217 779 2256 mihi
811 2217 985 2256 ancillae
1017 2222 1180 2255 vestrae
1212 2216 1395 2267 legitime
1427 2216 1630 2255 dimissas.

321 2276 364 2314 F.
394 2276 670 2315 Bituricenses
701 2277 759 2323 (Z.
794 2276 834 2316 S.
868 2276 956 2324 174,
987 2289 1027 2314 n.
1061 2276 1140 2324 14).
1187 2288 1224 2314 a.
1254 2275 1485 2315 7:30—800.

993 2394 1059 2433 43.

398 2460 438 2507 a)
480 2459 588 2497 Dum
630 2459 836 2498 Dominus
874 2459 1154 2510 omnipotenS,
1195 2463 1359 2497 creatur
1388 2457 1487 2497 coeli
1515 2462 1557 2495 et
1584 2462 1733 2506 terrae,

317 2517 439 2568 juxta
461 2518 572 2568 quod
593 2518 758 2568 legitur,
780 2518 821 2557 in
842 2517 1044 2569 principio
1064 2518 1298 2557 masculum
1320 2522 1362 2556 et
1383 2516 1539 2556 femina
1560 2516 1732 2567 cupolae

420 2589 432 2609 ¹
463 2589 584 2623 vestia
618 2590 656 2624 C.
