1836 2985
683 153 899 192 „53—

90 262 248 307 mento,
274 263 370 309 post
394 258 481 297 iure
506 257 658 308 gloriae
683 262 846 296 vestrae
871 262 1074 308 perpetuo
1100 262 1286 308 tempore
1312 258 1494 297 debeant

93 316 319 355 vindicare.
370 316 426 355 Et
456 329 532 355 nec
564 316 741 355 vendere
774 328 850 354 nec
882 315 1036 354 donare
1068 328 1145 354 nec
1176 315 1388 355 modicum
1421 316 1492 355 ali-

92 375 184 426 quis
205 375 381 414 alienare
403 379 658 426 praesumat,
679 374 750 413 sed
771 374 994 425 integrum,
1015 378 1064 413 ut,
1082 378 1249 413 nostrae
1271 374 1493 413 oblationis

91 433 279 473 continet
303 434 450 482 forma,
476 437 678 484 perpetuo
704 437 891 484 tempore
917 433 1096 471 cultores
1118 432 1310 472 ecclesiae
1329 437 1491 472 vestrae

90 497 188 543 post
216 497 355 531 vestro
384 491 600 530 vindicent
628 491 728 530 iure.
781 491 902 543 Quod
932 491 966 530 si
995 491 1203 543 quispiam
1233 504 1284 530 ex
1313 491 1491 530 cultores
1524 495 1545 528 5

90 550 283 590 basilicae
313 554 476 588 vestrae
507 562 558 589 ex
586 549 678 599 hoc,
711 550 822 601 quod
852 562 984 601 prona
1012 550 1233 589 voluntate
1263 555 1306 589 et
1335 550 1493 589 sincera

90 609 312 648 devotione
344 608 587 657 obtulimus,
612 621 684 660 per
708 609 929 660 tepiditate
961 609 1289 660 naufragaverit‚
1316 614 1391 648 aut
1422 621 1493 660 per

92 667 280 719 quolibet
320 672 539 706 contractu
579 667 645 706 vel
683 668 895 707 modicum
926 680 950 706 a
981 668 1067 707 iure
1099 673 1267 707 sanctae
1299 667 1492 707 ecclesiae

90 730 252 765 vestrae
289 725 466 765 alienare
502 726 814 778 presumpserit,
850 726 1090 766 nullatenus
1124 727 1278 776 valeat,
1315 726 1386 765 sed
1421 725 1494 765 ubi

89 784 168 823 hoc
189 797 396 823 successor
418 785 505 823 eius
526 785 707 836 primum
730 798 815 824 esse
836 785 1048 837 repererit,
1070 790 1118 824 ut
1139 785 1238 836 legis
1259 790 1323 824 est
1344 785 1491 824 exinde
1526 789 1571 821 10

91 843 315 892 sentent-ia,
351 843 504 882 nullius
540 849 762 895 expectato
798 844 963 893 iudicio⁷
1001 844 1086 883 sine
1123 844 1294 883 alicuius
1331 849 1493 883 contro-

89 901 227 940 versia
259 902 301 940 in
333 902 419 941 iure
453 907 598 941 sancto
631 908 770 942 vestro
804 903 932 942 faciat
963 915 1171 942 revocare.

87 960 134 1000 F.
168 960 441 1010 Visigothicae
476 961 534 1008 (Z.
573 961 612 1001 S.
648 961 738 1010 579,
772 975 812 1000 n.
847 961 902 1010 8).
948 975 985 1001 a.
1010 962 1239 1001 615—620.
