1836 2985
185 729 230 761 10

182 1106 227 1139 15

181 1402 226 1434 20

179 1696 224 1730 25

179 2076 224 2109 30

178 2370 224 2404 35

872 90 1087 129 ..46-

269 194 404 233 latum
428 193 649 243 habuistis,
673 200 716 234 et
740 195 894 234 fecistis
918 195 967 235 de
992 196 1102 247 ipsas
1124 209 1202 245 res,
1228 196 1340 248 quod
1364 196 1484 236 vobis
1507 197 1686 249 placuit3

270 258 312 292 et
337 252 370 292 si
400 265 476 292 vos
506 253 724 305 placuerit,
749 253 817 293 illa
849 254 1059 306 mancipia
1080 254 1147 294 vel
1178 255 1246 294 illo
1277 255 1484 307 peculiare
1515 257 1686 308 perdere

269 324 353 351 non
376 312 521 351 debeo.
566 312 651 352 Vos
677 312 832 362 videte,
860 318 908 352 ut
930 313 1113 365 peccatis
1138 314 1349 353 maximus
1375 314 1471 353 inde
1500 327 1585 354 non
1614 315 1686 355 ad·

269 376 430 410 crescat
457 376 604 410 contra
632 371 722 423 ipsa
750 384 845 411 casa
874 372 952 411 Dei
978 372 1043 411 vel
1071 373 1303 424 vestrisque
1330 372 1537 424 partibus.
1580 374 1686 414 Con-

270 430 448 469 siderate
482 430 584 469 illud
617 430 911 481 euvangelium
943 437 1230 482 praeceptum,
1262 432 1335 471 ubi
1368 432 1574 472 Dominus
1605 433 1685 473 ait:

271 489 416 540 „Quid
443 489 553 528 enim
580 489 753 540 prodest
777 488 951 538 homini,
978 489 1011 528 si
1036 490 1278 530 universum
1303 491 1461 530 mundo
1487 491 1685 541 lucretur,

268 553 317 586 ut
352 548 541 586 animam
585 560 703 586 suam
748 547 1050 587 detrimentum
1084 549 1342 599 patiatur.“1
1388 550 1546 589 Iterum
1585 550 1683 601 quid

268 607 422 658 plura?
485 607 550 645 Ad
599 606 832 657 sapientem
880 619 1014 658 pauca
1062 606 1280 647 sufficiunt
1325 609 1467 648 verba.
1529 609 1686 648 Taliter

268 665 419 704 exinde
447 665 572 716 agite,
601 665 812 716 quomodo
838 670 980 704 vestra
1006 665 1192 705 decrevit
1218 666 1428 706 voluntas.
1470 668 1616 707 Valete
1643 668 1685 707 in

270 724 467 762 Domino.

267 783 311 821 F.
344 783 501 823 Salicae
530 782 809 821 Merkelianae
840 783 899 829 (Z.
933 783 973 823 S.
1004 783 1095 832 260,
1125 797 1165 822 n.
1196 784 1277 833 53).
1326 784 1366 823 8.
1400 784 1466 825 Jh.

633 913 697 951 65.
731 912 967 951 Indiculum
998 913 1050 952 ad
1082 913 1312 952 abbatissa.

349 983 513 1022 Dilecta
543 988 585 1021 et
615 983 864 1022 venerabilis
893 983 963 1022 illa
992 983 1151 1022 donum
1183 984 1260 1023 Dei
1289 984 1505 1023 abbatissa
1536 997 1610 1036 ego
1641 984 1682 1024 in

267 1041 345 1081 Dei
375 1042 543 1081 nomine
576 1042 750 1092 exiguus
782 1055 926 1081 servus
957 1047 1107 1081 vester.
1157 1043 1232 1082 Illa
1265 1056 1370 1094 quae
1402 1043 1538 1095 prima
1569 1049 1682 1093 sunt,

266 1101 465 1140 obtamus
498 1101 618 1140 vobis
653 1101 695 1140 in
731 1101 911 1140 Domino
946 1101 1124 1141 salutem
1159 1103 1470 1154 sempiternam.
1523 1103 1683 1142 Notum

268 1160 323 1199 sit
350 1160 470 1199 vobis
497 1160 547 1199 de
575 1160 686 1212 ipsas
712 1160 948 1212 parabolaS,
977 1161 1089 1212 quod
1117 1161 1229 1212 apud
1255 1174 1330 1200 vos
1356 1161 1487 1200 locuti
1512 1162 1682 1212 fuimus,

267 1231 343 1258 nos
365 1219 460 1258 inde
482 1224 647 1258 mutare
668 1232 753 1258 non
775 1219 982 1259 volumus.
1023 1220 1135 1259 Deus
1157 1219 1247 1269 scit,
1270 1221 1304 1259 si
1324 1225 1465 1259 vestra
1486 1220 1684 1260 voluntas
1724 1248 1727 1251 κ

268 1283 345 1327 est,
370 1283 413 1317 et
437 1291 512 1317 vos
537 1278 696 1330 aliquid
720 1279 770 1318 de
795 1284 936 1318 vestro
961 1279 1134 1318 servicio
1158 1279 1278 1318 nobis
1302 1279 1514 1330 iniungere
1538 1280 1682 1329 vultis,

267 1337 470 1388 gradante
509 1337 649 1376 animo
687 1338 838 1377 servire
875 1350 950 1376 vos
986 1338 1191 1389 cupimus,
1229 1344 1271 1377 et
1299 1338 1392 1377 inde
1423 1339 1681 1390 necglegenti

264 1409 341 1435 nec
369 1396 481 1435 tardi
509 1401 767 1448 apparuero2
794 1409 878 1436 non
906 1396 1112 1446 vellimus,
1141 1397 1211 1436 sed
1240 1398 1290 1436 de
1318 1398 1430 1436 bona
1458 1398 1680 1437 voluntate

265 1455 307 1494 in
338 1460 479 1495 vestro
512 1455 685 1495 servicio
717 1456 912 1495 volumus
943 1469 1198 1507 permanere.
1245 1457 1300 1495 Et
1324 1456 1357 1495 si
1379 1456 1537 1508 aliquid
1560 1456 1681 1496 nobis

264 1514 394 1553 vultis
414 1515 614 1554 mandare
643 1515 694 1554 de
714 1520 853 1554 vestro
873 1515 1060 1564 servicio,
1090 1528 1162 1567 per
1191 1521 1330 1555 vestra
1354 1515 1531 1567 epistola
1559 1515 1680 1555 nobis

264 1574 464 1613 mandare
498 1586 582 1613 non
617 1573 794 1623 sileatis;
830 1574 927 1626 quia
961 1574 1108 1614 melius
1141 1580 1204 1614 est
1236 1588 1307 1626 per
1341 1575 1517 1626 epistola
1552 1587 1679 1626 quam

264 1646 336 1684 per
361 1632 574 1672 hominem
599 1634 866 1683 mandatum,
892 1634 990 1685 quia
1015 1633 1110 1673 inde
1136 1633 1294 1673 firmior
1319 1646 1475 1673 sumus,
1519 1634 1679 1673 Iterum

267 1697 395 1744 atque
430 1692 581 1731 iterum
615 1692 849 1732 salutamus
882 1693 1001 1732 vobis
1035 1698 1218 1742 tantum,
1253 1698 1460 1745 quantum
1495 1692 1677 1732 archana

263 1751 398 1790 cordis
431 1751 621 1791 continet
653 1752 886 1803 plenitudo.

262 1811 307 1850 F.
334 1809 491 1851 Salicae
524 1810 804 1851 Merkclianae
840 1811 899 1859 (Z.
922 1811 963 1851 S.
989 1811 1078 1860 263,
1112 1825 1154 1851 n.
1176 1812 1258 1860 66).
1303 1811 1341 1850 8.
1371 1810 1441 1851 Jh.

795 1941 859 1980 66.
889 1941 1151 1980 Tractoria*.

343 2012 549 2051 Omnibus
580 2012 797 2063 episcopis,
821 2012 1061 2061 abbatibus,
1087 2011 1328 2061 abbatissis,
1359 2011 1598 2060 comitibus,
1617 2011 1676 2049 vi-

263 2070 395 2118 cariis,
415 2071 663 2110 centenariis
683 2084 754 2110 seu
772 2071 940 2122 reliquis
958 2071 1152 2110 fidelibus
1169 2071 1335 2110 nostris.
1362 2070 1520 2109 Notum
1542 2069 1595 2109 sit
1606 2082 1678 2108 vo-

262 2129 340 2178 bis,
372 2130 470 2180 quia
494 2130 596 2169 istos
618 2130 798 2169 vasallos
820 2135 984 2169 nostros
1008 2129 1098 2169 illos
1121 2135 1163 2169 et
1184 2130 1274 2168 illos
1296 2129 1505 2169 mittimus
1528 2129 1580 2168 ad
1603 2128 1678 2167 has

261 2194 404 2240 partes
432 2189 484 2227 ad
511 2189 743 2229 exercitum
765 2189 1099 2241 promovendum
1122 2194 1165 2228 et
1181 2188 1458 2228 heribannum
1481 2193 1678 2227 exactan-

261 2247 378 2286 dum.
422 2248 598 2299 Propter
621 2248 700 2287 hoc
722 2248 917 2288 volumus
940 2253 1067 2300 atque
1092 2247 1297 2296 iubemus,
1320 2253 1369 2287 ut
1391 2248 1444 2286 ad
1467 2246 1677 2298 stipendia

262 2319 407 2345 eorum
447 2307 599 2346 cotidie
638 2308 862 2358 unicuique
901 2307 1065 2346 illorum
1103 2307 1201 2346 dare
1241 2306 1404 2346 faciatis
1441 2318 1571 2358 panes
1609 2305 1674 2354 20,

262 2365 478 2416 friscingas
507 2366 626 2415 duas,
657 2366 884 2418 porcellum
915 2366 1000 2405 sive
1030 2379 1184 2417 agnum
1214 2379 1359 2414 unum,
1389 2365 1524 2417 pullos
1554 2364 1673 2414 duos,

261 2437 342 2463 ova
383 2425 446 2473 10,
484 2425 535 2464 de
573 2430 678 2477 potu
715 2425 903 2465 modium
941 2438 1087 2474 unum,
1127 2425 1200 2474 sal,
1238 2425 1408 2464 hcrbola
1445 2424 1674 2473 ortolanas,

361 2525 373 2546 1
403 2502 646 2561 Εῑγῖῦἶειῐῐίι.
678 2528 737 2570 16,
767 2528 824 2562 26.
862 2547 899 2551 -
933 2526 946 2547 2
972 2526 1038 2561 lies
1068 2536 1265 2571 apparere.
