1895 2990
731 142 946 181 -31-

137 247 396 287 consorcium
421 246 611 295 sociavit,
634 247 736 286 dum
760 246 931 285 dicitur:
960 246 1083 294 „Non
1107 251 1170 285 est
1194 246 1352 285 bonum
1376 247 1544 287 homine

137 319 222 345 esse
241 306 388 355 solum,
407 306 608 345 faciamus
624 305 661 344 ei
679 304 913 343 adiutorem
932 304 1108 343 similem
1126 304 1247 353 sibi“,
1267 305 1544 357 infundetque

137 364 446 404 benedictione:
498 363 744 412 „Crescitae“
790 363 936 414 inquid
990 368 1224 414 tamquam,
1280 369 1351 413 „et
1403 365 1545 403 multi-

137 424 314 475 plicatae
353 428 396 461 et
442 421 717 460 dominamini
765 426 916 460 cuncta
963 421 1143 473 reptilia,
1193 435 1272 473 que
1312 422 1389 461 sub
1429 423 1541 462 caelo

136 483 261 521 sunt“
287 487 330 520 et
355 480 548 520 Salvator
572 480 776 519 intonuit:
805 480 975 531 „Quam
1000 480 1052 519 ob
1076 493 1163 519 rem
1185 480 1394 532 relinquid
1417 481 1541 520 homo

136 546 299 592 patrem
331 544 374 578 et
403 544 583 578 matrem
615 544 658 578 et
688 538 907 578 adherebit
937 552 1066 578 uxore
1099 552 1211 588 suae,
1244 544 1287 578 et
1317 545 1442 579 erunt
1473 540 1546 579 dui

137 600 179 638 in
211 611 331 638 carne
363 598 496 646 una“;
529 602 572 636 et
606 597 784 649 Spiritus
816 602 986 636 sanctus
1017 611 1089 649 per
1121 610 1336 648 sagrorum
1369 598 1545 650 impera-

136 663 267 697 torem
295 656 424 695 sensit
451 656 694 705 auctoritas,
716 661 759 695 et
780 669 865 695 non
893 656 1047 695 inceste
1072 656 1138 695 vel
1166 656 1347 696 inlicitae
1371 658 1424 697 ad
1452 670 1544 709 pro-

135 716 359 755 creandum
384 714 558 754 humani
590 715 748 765 generis
782 715 1020 754 coniunctio
1055 715 1145 754 fiat.
1193 716 1283 754 Hoc
1307 716 1544 755 consultum

134 779 211 822 est,
255 779 318 822 ut,
379 774 631 825 quicumque
690 773 840 813 liberta
884 786 1060 825 persona
1103 775 1153 813 de
1197 775 1320 814 rebus
1364 775 1540 826 propriis

134 832 348 872 facultatis
380 845 477 872 suae
510 832 666 883 aliquid
699 833 909 872 conferrae
957 833 1150 881 voluerit,
1183 832 1262 872 hoc
1292 847 1364 885 per
1396 834 1542 872 seriem

134 892 435 943 scripturarum
479 891 745 930 laudabiliter
789 892 943 931 debeat
986 904 1071 930 esse
1117 892 1359 942 adlegatum
1405 893 1541 944 adque

133 950 277 989 subter
321 950 550 998 firmatum,
596 950 667 1001 qui
709 949 787 989 hac
830 949 1068 989 conditione
1112 956 1154 989 et
1197 950 1309 990 iurae
1353 952 1541 1002 postulat

133 1009 392 1060 praeturium
429 1013 471 1047 et
506 1008 631 1059 gestis
667 1008 843 1060 requirit
878 1009 1215 1060 municipalibus,
1271 1010 1429 1049 Idcirco
1467 1022 1541 1060 ego

134 1068 177 1106 in
210 1067 288 1106 Dei
327 1080 478 1107 nomen
520 1067 599 1106 ille.
650 1068 760 1106 Dum
800 1080 885 1106 non
917 1067 1066 1106 abetur
1108 1069 1382 1119 incognitum,
1429 1069 1539 1120 quod

132 1139 208 1177 ego
266 1132 322 1175 te,
383 1126 625 1165 dulcissima
688 1139 843 1177 sponsa
909 1139 1002 1165 mea
1052 1127 1137 1175 illa,
1202 1140 1272 1178 per
1323 1128 1545 1166 voluntate

132 1190 358 1235 parentum
400 1190 570 1224 tuorum
621 1190 819 1236 sponsata
862 1184 1009 1233 habeo,
1059 1191 1115 1233 et,
1173 1198 1213 1224 se
1254 1185 1418 1225 Christo
1459 1186 1544 1237 pla-

133 1243 279 1292 cuerit,
320 1244 372 1283 ad
412 1243 649 1294 coniugium
691 1249 730 1282 te
771 1243 952 1283 sociarae
992 1244 1184 1295 dispono,
1219 1249 1442 1295 propterea
1470 1258 1544 1295 pro

133 1315 300 1341 amorae
349 1301 569 1341 dulcidinis
617 1302 681 1341 vel
731 1302 917 1341 osculum
966 1303 1080 1353 pacis
1131 1303 1231 1341 cedo
1281 1303 1416 1342 tibia
1452 1304 1543 1342 diae

131 1365 347 1412 presentae
391 1373 633 1412 cessumque
678 1361 719 1400 in
763 1366 1011 1412 perpetuum
1047 1374 1132 1400 esse
1168 1362 1262 1400 volo
1298 1368 1340 1401 et
1367 1362 1417 1401 de
1446 1375 1538 1401 meo

132 1419 243 1458 iurae
286 1420 327 1458 in
367 1419 477 1458 iurae
518 1425 560 1458 et
599 1420 898 1459 dominationis
939 1425 1035 1459 tuae
1074 1420 1195 1459 trado
1242 1421 1377 1472 adque
1408 1426 1542 1460 trans-

132 1478 276 1526 fundo,
330 1477 409 1517 hoc
461 1484 523 1517 est
575 1491 638 1517 res
691 1478 962 1530 proprietatis
1019 1492 1134 1518 meas
1188 1479 1289 1518 sitas
1342 1480 1383 1518 in
1437 1493 1543 1531 pago

134 1537 336 1587 Biturigo,
363 1537 405 1576 in
431 1537 611 1588 vigarias
637 1537 728 1576 illas
755 1543 797 1577 et
822 1538 927 1586 illas,
955 1538 996 1576 in
1023 1538 1121 1577 villa
1148 1539 1264 1577 cuius
1290 1539 1542 1577 vocabulum

131 1601 195 1634 est
227 1595 312 1644 illa,
345 1596 531 1635 similiter
563 1601 605 1635 et
636 1596 677 1635 in
710 1596 810 1635 villa
842 1597 925 1645 illa,
958 1597 1048 1648 pari
1079 1597 1204 1636 modo
1236 1602 1279 1636 et
1310 1598 1351 1636 in
1384 1598 1542 1648 vigaria

131 1654 216 1703 illa,
244 1654 287 1693 in
313 1654 411 1693 villa
435 1660 703 1706 noncupante
730 1655 812 1704 illa,
840 1655 963 1694 simili
987 1656 1112 1695 modo
1138 1656 1180 1695 in
1206 1656 1363 1707 vigaria
1390 1657 1472 1705 illa,
1499 1657 1539 1695 in

131 1713 232 1752 villa
267 1713 349 1752 illa.
402 1713 516 1753 Haec
549 1714 689 1753 omnia
723 1714 764 1753 in
799 1714 878 1753 ista
912 1715 1002 1753 loca
1035 1715 1228 1766 superius
1262 1715 1543 1767 conprehensa

131 1777 278 1810 tantas
308 1771 451 1823 partis,
481 1778 570 1811 tam
600 1773 650 1812 de
680 1773 824 1812 alodae
855 1778 1093 1824 genetorem
1122 1787 1316 1813 meorum
1347 1787 1472 1825 quam
1503 1779 1545 1813 et

131 1831 183 1869 de
212 1831 418 1880 adtracto,
446 1831 511 1870 vel
538 1832 587 1870 de
617 1844 880 1883 quacumque
908 1832 1033 1871 modo
1060 1833 1113 1871 ad
1141 1845 1206 1871 me
1234 1833 1420 1872 noscitur
1448 1846 1540 1884 per-

132 1889 310 1937 venisse,
348 1894 402 1938 te,
439 1890 677 1929 dulcissima
714 1903 866 1942 sponsa
903 1903 1009 1940 mea,
1047 1891 1156 1930 hanc
1193 1892 1418 1931 cessionem
1456 1904 1538 1931 una

131 1960 225 1986 cum
259 1948 369 1999 ipsas
403 1949 669 1988 auctoritatis
703 1955 800 1988 ante
835 1950 926 1988 diae
960 1950 1222 2001 nupciarum,
1268 1952 1325 1991 vel
1356 1951 1397 1989 in
1431 1951 1537 1999 diae,

131 2006 313 2057 integras
353 2007 461 2058 ipsas
500 2008 647 2059 partiS,
687 2008 738 2047 de
781 2021 1044 2060 quacumque
1085 2021 1179 2048 mea
1218 2014 1282 2048 est
1321 2009 1541 2061 possessio,

129 2065 319 2116 publicae
365 2066 486 2105 trado
530 2068 665 2118 adque
710 2067 975 2116 transfundo,
1014 2080 1109 2106 cum
1153 2068 1271 2117 casis,
1316 2068 1541 2117 aedificieS,

130 2123 352 2172 curtiferiS,
391 2129 434 2163 et
471 2126 596 2164 caedo
635 2125 714 2164 tibi
751 2126 801 2165 de
840 2126 1050 2178 mancipia
1088 2126 1204 2166 illum
1242 2132 1285 2166 et
1323 2127 1451 2176 illam,
1490 2127 1540 2166 de

130 2182 412 2234 peculiaribus
453 2196 549 2222 vero
592 2185 880 2236 quadrupedia
921 2198 1062 2236 greges
1104 2191 1390 2225 armentorum
1432 2186 1540 2225 duus

129 2253 225 2280 cum
265 2241 354 2293 ipso
395 2243 631 2292 armesario,
671 2243 855 2282 caballus
894 2248 1054 2293 tantUS,
1095 2249 1279 2284 stratura
1318 2245 1537 2295 condigna,

134 2300 251 2351 paria
280 2305 423 2339 tantas
450 2301 499 2340 de
528 2301 654 2341 boves
683 2302 735 2341 ad
763 2302 1040 2342 laborandum
1068 2315 1163 2342 cum
1191 2316 1334 2343 eorum
1362 2316 1538 2352 escasso,

128 2371 286 2398 waccas
302 2371 420 2409 grege
440 2372 522 2398 uno
542 2373 636 2400 cum
650 2373 794 2400 eorum
810 2367 1045 2413 sequentes,
1061 2361 1246 2401 vervices
1261 2375 1402 2413 greges
1419 2367 1540 2414 quat-

130 2422 239 2466 tuor,
258 2418 376 2456 sodes
391 2431 531 2469 greges
552 2423 767 2470 quattuor,
793 2420 1018 2472 dratpalia,
1035 2421 1167 2459 lectus
1182 2421 1361 2460 vestitus
1378 2426 1539 2470 tantus,

129 2481 271 2515 vestus
324 2477 574 2516 muliebrum
629 2478 882 2530 condignum
940 2492 1035 2519 cum
1092 2480 1252 2531 paliusl
1308 2480 1540 2520 stauracius

229 2565 242 2586 ¹
271 2565 394 2610 palliis
424 2566 638 2602 stauraciis.

1575 485 1595 518 5

1582 780 1628 812 10

1582 1072 1627 1106 15

1581 1368 1627 1400 20

1583 1660 1627 1695 25

1581 1956 1626 1990 30

1581 2249 1626 2284 35
