1836 2985
674 138 902 177 -49β

88 249 231 283 autem
264 244 348 283 ulla
380 243 625 282 meritorum
657 255 845 281 meorum
878 242 1093 293 plenitudo
1126 254 1286 293 preesse
1319 242 1492 293 dignata

86 308 164 351 est,
187 303 359 342 offendi.
398 303 454 341 Et
474 302 633 349 audito,
657 301 764 352 quod
789 300 1024 339 extinctum
1044 300 1299 348 metuebam,
1321 300 1491 339 alterius

85 362 168 400 mei
195 361 376 410 nomine,
405 360 583 411 explosis
611 359 762 410 gaudio
791 363 1014 410 superante
1043 358 1272 410 soporibus,
1301 358 1490 410 despera-

86 420 202 459 cione
225 419 368 472 pocius
390 431 516 470 quam
537 418 745 457 oblivione
767 417 1007 466 contractis,
1029 417 1231 468 respiravi
1251 422 1293 456 et
1315 429 1490 468 superne

85 478 280 527 bonitati,
316 490 394 528 que
426 476 533 515 inter
565 477 740 515 adversa
771 481 814 515 et
843 488 1041 527 prospera
1072 488 1167 515 suos
1199 488 1360 515 servare
1394 488 1488 514 con-

85 537 236 585 suevit,
274 535 523 587 gratulatus,
562 535 798 574 litterarum
837 534 1068 574 insaciabili
1105 539 1232 585 atque
1270 534 1490 573 multocies

84 595 236 634 iterata
259 594 492 633 recursione
517 593 724 641 inherens,
763 593 845 632 illic
869 606 1009 632 meum
1034 593 1105 641 ill.,
1140 593 1221 632 illic
1246 605 1489 643 germanum

82 654 337 701 unanimem,
363 652 491 691 immo
517 665 582 691 me
608 652 801 700 alterum,
829 652 1069 703 quaeritans
1095 652 1267 691 tandem
1291 652 1488 703 reperisse

86 725 168 759 me,
209 711 436 763 plurimum
477 711 656 762 gaudeo3
701 711 912 762 quoniam,
956 711 1026 761 qui
1068 711 1155 762 ipso
1197 709 1299 749 mihi
1340 710 1488 749 auditu

81 770 294 809 extinctus
337 770 582 821 putabatur,
636 769 775 808 subito
828 769 976 808 vivens
1019 769 1232 821 apparuit,
1277 774 1319 808 et
1366 781 1489 820 quem

80 829 212 868 abisse
248 828 537 877 autumabam,
574 841 784 879 superesse
819 840 903 867 non
938 828 1118 879 ambigo.
1170 829 1308 878 Agens
1343 827 1486 879 itaque

80 887 231 926 Autori
268 887 473 926 bonorum
511 887 698 926 omnium
736 892 874 937 grates
911 887 1151 935 indefessas,
1190 886 1268 925 hoc
1305 899 1388 925 uno
1428 887 1487 925 in-

80 946 340 997 explebiliter
375 946 484 985 bono
520 945 696 993 afficior,
734 958 815 996 quo
851 951 892 984 te
928 958 1011 984 non
1047 951 1136 984 tam
1172 945 1311 984 vivere
1347 945 1486 994 audio,

81 1017 207 1056 quam
222 1005 325 1044 bene
341 1004 480 1043 vivere
495 1004 634 1051 audio,
651 1004 823 1043 audiens
838 1004 1037 1054 gratulor,
1054 1004 1269 1054 gratulans
1283 1004 1485 1052 desidero,

79 1064 317 1102 desiderans
338 1063 524 1114 postulo;
547 1068 589 1101 et
611 1068 660 1101 ut
681 1063 767 1114 ipse
791 1063 1035 1102 convivere1
1056 1075 1228 1111 merear,
1253 1062 1336 1101 tuis
1359 1075 1487 1113 quam

79 1122 270 1173 precibus
291 1127 390 1173 opto
411 1134 459 1160 ac
479 1121 652 1169 meritis,
675 1121 826 1172 quibus
847 1134 912 1160 me
934 1122 986 1160 ab
1008 1121 1202 1160 omnibus
1223 1121 1486 1172 propositum

78 1186 310 1232 votumque
330 1180 578 1219 christianae
602 1180 778 1219 miliciae
803 1180 1118 1231 infatigabiliter
1142 1180 1486 1231 obpugnantibus

78 1239 367 1278 innutabiliter
410 1239 586 1278 revelari
629 1239 810 1278 confido.
871 1240 957 1289 Age
1001 1252 1126 1287 nunc,
1172 1239 1351 1278 fratrum
1394 1239 1485 1277 dul-

79 1298 280 1346 cissimae,
299 1303 354 1346 et,
373 1298 476 1337 duce
495 1298 635 1337 omnia
653 1297 902 1346 ordinantis,
927 1298 1067 1336 omnia
1086 1298 1315 1337 serenantis
1333 1297 1483 1348 gracia,

76 1368 169 1396 mae
202 1369 374 1408 meeque
408 1356 632 1396 deieccioni
673 1357 914 1395 commissos
947 1356 1234 1396 sanctissimae
1272 1357 1486 1395 instantis-

77 1415 287 1466 simaeque
314 1415 619 1454 intercessionis
646 1428 722 1467 ope
750 1415 892 1454 fulcire
919 1428 1003 1454 non
1030 1415 1199 1464 disinas,
1229 1428 1331 1466 quos
1358 1415 1484 1466 pluri-

77 1482 193 1513 mum
228 1474 387 1522 iuvent,
423 1474 456 1512 si
490 1474 612 1513 xenia
647 1474 837 1525 propriae
873 1474 1200 1521 adinvencionis,
1236 1474 1301 1513 vel
1331 1474 1483 1524 ligatae

75 1533 142 1571 vel
169 1533 343 1582 solutae,
372 1533 514 1572 crebro
543 1532 732 1581 visitans,
760 1533 969 1572 mittenda
997 1533 1219 1584 imperans,
1247 1533 1483 1572 desideran-

75 1591 189 1630 tibus
227 1591 398 1630 miseris.
456 1592 566 1630 Bene
606 1597 646 1630 te
687 1604 931 1643 semperque
970 1592 1012 1630 in
1053 1592 1232 1631 Domino
1271 1592 1483 1631 valentem

74 1663 233 1701 nosque
280 1650 601 1702 inportunarum
648 1650 766 1689 clavo
812 1650 1169 1702 subplicacionum
1215 1651 1268 1689 ad
1313 1656 1483 1702 portum

75 1708 213 1760 optati
267 1709 398 1748 litoris
452 1709 720 1748 revehentem
776 1709 910 1749 virtus
966 1709 1267 1761 omnipotentis
1323 1709 1481 1749 brachii

75 1779 318 1806 conservare
351 1768 558 1818 dignetur.

162 1826 275 1877 Quot
303 1839 425 1866 voces
455 1827 584 1865 oculis
613 1827 766 1877 langua
795 1827 1026 1878 audituque
1056 1840 1266 1878 manuque

157 1885 359 1933 Hausisti,
393 1885 571 1924 totidem
604 1885 802 1924 letificere
835 1885 968 1925 bonis.

73 1943 117 1982 F.
147 1943 352 1983 Alsaticae
384 1944 442 1991 (Z.
477 1944 517 1984 S.
548 1944 628 1984 336
657 1958 697 1983 n.
729 1944 810 1993 27).
857 1958 894 1984 a.
920 1945 1011 1984 850.

549 2097 612 2136 70.
645 2096 850 2136 Libellum
881 2096 1004 2136 dotis

159 2165 266 2217 Quia
300 2179 372 2218 per
405 2166 722 2218 dispositionem
756 2167 916 2206 domini
948 2167 1081 2207 nostri
1120 2168 1218 2208 Jesu
1252 2167 1406 2207 Christi
1439 2172 1480 2207 et

72 2236 274 2264 consensu
319 2225 547 2264 amicorum
590 2231 830 2265 nostrorum
873 2239 946 2277 ego
991 2226 1046 2265 ill.
1091 2232 1132 2266 te
1176 2226 1303 2274 illam,
1349 2227 1480 2265 filiam

72 2282 192 2331 illius,
226 2283 268 2322 in
299 2283 532 2334 legitimum
565 2285 802 2336 coniugium
835 2285 1009 2336 suscepi,
1043 2285 1194 2324 idcirco
1227 2285 1305 2324 tibi
1337 2285 1479 2324 dotem

71 2341 304 2392 legitimum
322 2342 499 2381 decrevi.
521 2343 584 2382 Do
601 2356 730 2383 manu
748 2344 1008 2395 potestativa
1024 2344 1065 2383 in
1083 2357 1189 2396 pago
1207 2349 1478 2395 nuncupante

72 2399 143 2449 ill.,
173 2400 213 2439 in
243 2401 358 2449 villa,
390 2414 468 2453 que
498 2406 673 2441 vocatur
703 2402 773 2451 ill.,
804 2408 964 2442 curtem
994 2403 1177 2442 clausam
1208 2416 1302 2442 cum
1333 2403 1479 2442 ceteris

71 2458 260 2509 edificiis,
295 2472 389 2499 cum
423 2465 533 2499 terra
551 2460 686 2509 salice,
720 2461 761 2500 id
784 2467 847 2501 est
873 2462 1051 2501 iurnales
1070 2467 1225 2511 tantos,
1259 2466 1402 2513 pratas
1425 2462 1478 2501 ad

171 2558 184 2579 1
213 2559 443 2595 convinvere
473 2573 501 2596 c.

143 2642 337 2677 Sammiung
357 2645 536 2678 vulgarlat.
559 2644 676 2674 Texte.
696 2645 726 2672 5.
1386 2646 1405 2672 4

1523 775 1569 808 10

1519 1068 1564 1102 15

1520 1364 1565 1397 20

1517 1659 1536 1691 10

1542 1657 1561 1691 Οἱ

1515 1953 1559 1986 30

1511 2353 1557 2387 35
