1895 2990
740 133 951 173 -23-

148 252 401 279 successores
427 239 490 278 sui
515 243 589 278 aut
614 243 846 277 memorata
872 237 1042 277 ecclesia
1066 238 1211 276 domni
1236 237 1342 277 illius
1368 238 1552 278 habeant

148 298 373 346 indultum,
404 298 469 337 vel
500 298 541 336 in
571 296 845 336 luminaribus
883 296 1010 347 ipsius
1051 296 1185 335 sancti
1225 296 1304 335 loci
1344 297 1550 348 proficiat.

153 357 289 408 Quam
331 369 427 395 vero
479 356 730 394 auctoritate
778 355 989 406 perpetuis
1026 354 1284 406 temporibus
1326 355 1552 394 valituram

146 415 314 467 propria
346 427 473 453 manu
507 413 615 452 infra
647 413 908 452 decrevimus
940 413 1148 452 roborare.

145 475 190 514 F.
219 473 408 513 Marculfi
439 473 498 519 (Z.
532 472 572 512 S.
605 472 694 520 107,
724 485 765 511 n.
797 473 850 520 1).
896 484 933 511 a.
960 472 1190 512 700-750,

147 602 211 642 32.
243 602 285 641 Si
314 601 404 652 quis
433 600 475 640 in
503 601 714 652 presencia
743 601 849 651 regis
877 601 928 640 de
956 613 1004 640 ea
1033 614 1112 652 que
1141 600 1333 640 vindedit
1360 605 1550 640 auctores

266 672 351 699 esse
382 659 562 699 voluerit
591 659 786 711 emptori,
817 664 1013 711 precepto
1044 660 1251 699 dominico
1282 673 1331 698 ex
1361 659 1452 699 hoc.

225 730 297 769 Ille
333 743 405 769 rex
441 729 510 769 illo
547 730 711 769 comite.
765 730 945 769 Veniens
981 729 1087 779 illae,
1136 738 1202 769 αιιι
1238 730 1386 769 missus
1423 730 1550 782 ipsius

143 789 184 828 in
207 801 384 840 persona
406 801 493 837 sua,
530 788 586 827 ibi
610 789 653 828 in
676 788 834 840 palatio
857 794 999 828 nostro
1021 788 1266 831 clemenciae
1286 789 1400 839 regni
1417 789 1551 828 nostri

142 847 357 898 suggessit,
388 847 506 898 quasi
533 847 658 886 homo
687 860 840 886 nomen
868 847 933 886 ille
963 848 1215 899 porcionem,
1245 854 1314 886 ααῑ
1342 848 1439 886 villa
1469 860 1544 887 sua

140 911 410 957 nuncupante
445 905 527 954 illa,
562 905 603 944 in
637 918 744 957 pago
779 906 863 954 1110,
899 907 1096 957 quicquid
1132 906 1286 945 ibidem
1321 906 1435 946 visus
1469 906 1550 945 fuit

144 965 340 1013 tenuisse,
385 978 456 1016 per
500 964 746 1003 vinditionis
791 964 976 1013 titulum,
1022 970 1195 1016 accepta
1240 966 1415 1016 pecunia
1459 978 1547 1014 sua,

143 1023 279 1062 eidem
314 1023 427 1062 visus
461 1028 524 1062 est
557 1023 813 1072 distraxisse,
849 1028 891 1062 et
925 1036 1016 1062 eam
1052 1024 1104 1062 ad
1140 1036 1306 1075 presens
1341 1024 1548 1075 possidere

142 1082 367 1121 videretur.
403 1082 483 1122 Sed
506 1082 607 1121 dum
630 1087 673 1121 et
696 1081 780 1133 ipse
805 1082 870 1121 ille
894 1082 946 1121 ad
978 1095 1146 1133 presens
1178 1082 1390 1131 adstabat,
1424 1083 1548 1121 inter-

141 1146 337 1191 rogatum
373 1145 435 1180 est
469 1140 506 1179 ei
540 1153 564 1180 a
598 1140 718 1179 nobis
753 1140 819 1179 vel
854 1154 877 1179 a
912 1141 1150 1192 proceribus
1185 1141 1350 1189 nostris,
1387 1141 1420 1180 si
1455 1141 1543 1192 ipsa

141 1199 389 1248 vinditione,
422 1212 548 1251 quam
581 1198 665 1250 ipse
699 1199 763 1238 ille
796 1200 845 1238 de
869 1200 1151 1251 suprascribta
1182 1213 1267 1238 rem
1291 1199 1332 1239 in
1356 1205 1544 1251 presente

141 1258 395 1309 proferebat,
430 1258 480 1297 de
515 1258 681 1297 nomine
729 1258 815 1297 eius
860 1258 1023 1297 fecisset
1066 1264 1141 1297 aut
1184 1264 1415 1298 memorata
1458 1271 1544 1297 rem

142 1316 414 1365 vindedisset,
452 1317 530 1365 vel,
569 1316 602 1355 si
637 1316 674 1356 ei
709 1317 933 1356 necessitas
969 1317 1167 1366 evenerit,
1205 1318 1374 1356 auctor1
1411 1317 1544 1356 eidem

139 1388 224 1416 esse
254 1375 467 1424 voluisset,
498 1376 540 1415 in
569 1381 762 1427 presente
790 1376 947 1415 edicere
977 1376 1160 1415 deberet.
1206 1376 1309 1416 Sed2
1339 1376 1477 1415 taliter
1503 1376 1544 1415 in

138 1434 270 1472 nostri
299 1434 506 1486 presentia
535 1440 792 1474 memoratus
822 1434 887 1473 ille
915 1435 1124 1486 professus
1149 1440 1226 1484 est,
1252 1436 1364 1486 quod
1387 1440 1429 1474 et
1452 1435 1541 1486 ipsa

138 1492 372 1532 vindicione
395 1493 552 1532 fecerat
583 1498 626 1532 et
655 1493 791 1545 pretio
823 1494 872 1533 de
899 1494 1182 1545 suprascribta
1209 1507 1309 1543 rem,
1338 1494 1449 1545 quod
1477 1494 1546 1533 illa

138 1551 340 1590 vindictio
379 1552 579 1601 contenit,
623 1557 854 1604 acceperat,
894 1558 936 1592 et
966 1558 1112 1592 auctor
1142 1553 1275 1592 eidem
1304 1566 1353 1591 ex
1384 1553 1462 1592 hoc
1491 1553 1544 1592 ad

138 1623 304 1661 presens
322 1615 363 1649 et
381 1610 414 1649 si
428 1610 597 1650 inantea
612 1611 645 1650 si
663 1611 699 1650 ei
716 1611 940 1650 necessitas
959 1611 1212 1662 contigisset,
1228 1617 1270 1651 et
1287 1616 1377 1651 erat
1394 1617 1436 1651 et
1458 1624 1543 1651 esse

138 1668 321 1708 volebat.
377 1669 489 1718 Ideo,
527 1670 629 1709 dum
668 1670 809 1709 taliter
848 1683 1021 1722 quoram
1061 1670 1183 1709 nobis
1220 1671 1429 1722 professus
1467 1675 1542 1719 est,

137 1740 208 1778 per
256 1732 489 1779 presentem
537 1729 806 1768 decernemus
853 1742 901 1768 ac
948 1729 1136 1768 iobemus
1183 1735 1441 1781 preceptum,
1491 1734 1539 1769 ut

136 1791 391 1825 memoratus
423 1786 487 1826 ille
521 1787 610 1839 ipsa
642 1787 755 1836 villa,
798 1794 864 1827 αιιῑ
896 1788 1086 1839 portione
1120 1788 1203 1837 illa,
1237 1788 1278 1827 in
1315 1789 1396 1827 iam
1429 1788 1542 1827 dicto

137 1844 240 1893 1000,
277 1845 319 1884 in
354 1845 609 1896 integritate,
646 1847 844 1898 quicquid
881 1860 952 1898 per
988 1847 1076 1898 ipsa
1112 1846 1343 1886 vinditione
1379 1847 1542 1897 legitur,

137 1903 293 1954 absque
334 1905 630 1944 contrarietate
671 1905 737 1944 vel
775 1905 1023 1957 repetitione
1063 1905 1171 1945 illius
1210 1911 1284 1945 aut
1322 1905 1543 1945 heredibus

137 1962 234 2010 suis,
263 1962 404 2014 quieto
430 1962 618 2012 hordine,
646 1964 799 2003 debeat
825 1964 1048 2015 possidere,
1076 1965 1141 2003 vel
1168 1965 1367 2016 quicquid
1393 1965 1542 2004 exinde

137 2020 260 2059 facire
293 2021 378 2072 ipse
411 2026 485 2062 aut
515 2021 685 2062 heredes
717 2023 780 2062 sui
809 2023 1082 2071 decreverint,
1115 2023 1289 2063 liberum
1322 2023 1538 2075 potiantur

136 2079 371 2119 arbitrium.

135 2138 179 2177 F.
209 2139 400 2177 Marculfi
431 2139 490 2187 (Z.
524 2139 563 2180 S.
597 2140 685 2189 107,
717 2154 758 2180 n.
789 2141 845 2190 2).
892 2154 929 2180 a.
961 2141 1190 2181 700—750.

630 2269 695 2309 33.
729 2270 1006 2322 Appennem*
1016 2274 1042 2309 3.

215 2337 483 2377 Consuetudo
511 2338 633 2378 huius
659 2339 739 2379 loci
765 2340 831 2379 vel
859 2340 987 2380 etiam
1015 2340 1113 2391 legis
1141 2345 1327 2381 terrenae
1356 2340 1538 2380 iustitiae

135 2401 301 2435 constat
344 2409 429 2436 esse
473 2403 755 2449 prospectum,
814 2404 876 2447 ut,
933 2399 1184 2451 quicumque
1243 2400 1295 2439 ab
1340 2399 1539 2439 incendiis

235 2502 249 2522 ¹
277 2505 391 2538 autor
419 2504 452 2538 A
482 2506 514 2538 3.
554 2523 603 2528 —
645 2504 659 2525 2
685 2503 717 2539 si
747 2505 780 2539 A
810 2507 842 2540 3.
879 2525 916 2530 —
948 2505 963 2526 ³
988 2505 1207 2550 adpennem
1234 2516 1256 2541 a
1283 2508 1322 2548 2;
1350 2516 1539 2551 appenem

135 2555 169 2589 A
195 2556 234 2596 3;
262 2565 451 2600 apennem
480 2556 522 2591 B.

1583 477 1603 510 5

1584 853 1631 885 10

1584 1145 1629 1178 15

1583 1441 1628 1473 20

1580 1734 1624 1767 25

1578 2029 1624 2062 30

1579 2391 1622 2427 35
