1836 2985
195 779 210 810 'l
223 780 243 809 0

193 1368 238 1400 20

196 2089 242 2122 30

195 2384 241 2418 35

889 139 1107 178 -43-

278 242 473 281 videlicet
507 248 549 281 et
583 256 804 293 germanus
838 244 925 282 eius
962 244 1209 295 Ingilardus,
1247 245 1383 296 questi
1418 251 1516 285 sunt
1551 259 1691 286 coram

278 301 413 340 missis
447 302 614 350 nostris,
653 302 822 341 Sicardo
858 303 1014 342 scilicet
1048 309 1090 342 et
1123 304 1335 343 Teutardo
1371 305 1609 354 comitibus,
1645 319 1692 345 eo

279 360 390 411 quod
421 361 633 412 quondam
662 362 905 411 Vultgarius
934 362 1064 401 abbas
1092 376 1141 401 ex
1170 363 1438 411 monasterio,
1489 365 1600 415 quod
1629 370 1692 404 est

278 419 405 458 situm
438 420 479 459 in
511 420 653 459 Monte
692 420 822 468 Jovis,
856 433 919 459 res
949 421 1052 472 juris
1084 434 1226 460 eorum
1260 422 1360 461 sitas
1393 422 1433 461 in
1465 423 1581 473 pagis
1615 423 1693 462 illis

279 483 321 517 et
347 478 468 526 villis,
497 492 602 530 quae
630 479 958 518 invociferantur
985 480 1074 518 illas
1100 486 1142 519 et
1168 480 1271 529 illas,
1299 481 1450 520 iniuste
1477 486 1519 520 et
1545 487 1692 522 contra

278 537 407 588 legem
430 538 486 575 eis
509 537 672 576 tulisset
694 543 735 577 et
756 538 808 577 ad
831 538 1092 589 praedictum
1114 540 1415 578 monasterium
1437 546 1690 580 revocasset.

284 597 398 647 Quae
434 609 557 635 causa
592 597 692 634 dum
728 597 780 635 ab
815 597 968 635 eisdem
1004 597 1139 635 missis
1173 598 1391 648 diligenter
1426 605 1691 650 perscrutata

277 661 319 694 et
359 669 429 706 per
469 655 657 694 homines
697 655 804 694 bone
846 656 943 694 fidei
983 656 1185 694 veraciter
1225 663 1333 696 esset
1373 658 1588 710 inquisita,
1632 658 1692 697 in-

278 719 452 752 ventum
483 719 559 761 est,
591 714 699 752 sicut
729 714 837 753 idem
868 714 982 753 missi
1012 715 1143 753 nostri
1173 715 1293 753 nobis
1322 717 1689 766 renuntiaverunt,

278 773 336 811 ita
370 786 514 811 verum
549 785 649 811 esse.
700 773 878 811 Proinde
910 773 1070 824 placuit
1102 774 1318 813 serenitati
1349 781 1503 825 nostre,
1536 781 1584 815 ut
1616 789 1691 828 pro

279 832 479 870 mercedis
510 837 650 870 nostre
683 837 909 882 augmento
942 832 1178 883 praedictas
1208 845 1284 880 reS,
1319 846 1422 885 quas
1453 835 1692 886 praedictus

280 891 519 941 Vultgarius
546 891 678 929 abbas
705 891 1012 942 praenominati
1040 892 1283 930 monasterii
1308 892 1385 941 [in]
1412 898 1554 932 monte
1575 894 1692 934 Jovis

278 949 430 988 iniuste
470 955 512 988 et
550 954 696 988 contra
735 950 866 1000 legem
905 950 1129 1001 praedictis
1167 950 1406 990 hominibus
1444 952 1691 1001 abstulerat,

277 1008 333 1046 fis
372 1022 444 1060 per
483 1008 560 1047 hoc
599 1014 740 1047 nostre
780 1008 1047 1048 auctoritatis
1086 1015 1355 1061 praeceptum
1395 1011 1580 1060 reddere,
1620 1024 1692 1063 per

278 1068 389 1132 quod
422 1067 703 1119 praecipimus
736 1073 864 1119 atque
899 1068 1103 1117 iubemus,
1137 1074 1185 1107 ut
1216 1070 1355 1108 nullus
1388 1082 1525 1109 comes
1557 1083 1691 1122 neque

277 1126 458 1165 vicarius
490 1140 624 1178 neque
658 1127 922 1166 centenarius
954 1141 1088 1179 neque
1121 1128 1271 1167 missus
1303 1134 1443 1167 noster
1476 1142 1499 1168 a
1531 1129 1691 1180 palatio

277 1186 460 1224 directus
490 1199 624 1237 neque
655 1199 750 1237 pars
780 1186 958 1238 predicti
987 1187 1230 1225 monasterii
1259 1187 1316 1226 eis
1346 1193 1421 1227 aut
1451 1188 1693 1239 posteritati

277 1258 419 1283 eorum
455 1245 504 1284 de
538 1245 765 1296 praedictis
798 1246 922 1284 rebus
955 1246 1084 1285 ullam
1119 1246 1453 1297 inquietudinem
1489 1252 1563 1286 aut
1596 1260 1691 1286 con-

279 1304 540 1343 trarietatem
564 1305 697 1343 facere
720 1310 981 1356 praesumat3
1005 1305 1075 1344 sed
1097 1305 1220 1344 liceat
1241 1305 1298 1344 eis
1319 1306 1368 1344 de
1391 1306 1545 1345 eisdem
1566 1306 1691 1345 rebus

277 1363 481 1414 quidquid
501 1363 634 1402 facere
661 1364 872 1402 voluerint
897 1364 1026 1403 libero
1052 1364 1092 1403 in
1118 1365 1312 1403 omnibus
1337 1365 1493 1416 perfrui
1517 1365 1690 1404 arbitrio
1728 1368 1731 1371 ”

278 1422 471 1461 faciendi.
523 1423 578 1461 Et
610 1427 658 1461 ut
690 1422 792 1461 haec
813 1454 820 1461 .
843 1454 850 1461 .
874 1454 881 1461 .

276 1481 320 1520 F.
352 1481 590 1531 Imperiales
623 1482 682 1529 (Z.
718 1482 759 1522 S.
791 1482 884 1531 324,
917 1496 956 1521 n.
990 1482 1072 1531 50).
1115 1496 1152 1522 a.
1177 1482 1407 1523 Soc—850.

954 1648 1018 1687 69.

360 1730 541 1769 Domino
587 1729 690 1768 mihi
736 1729 774 1769 in
823 1730 1089 1769 dominorum
1137 1731 1316 1769 Domino
1361 1731 1690 1770 desiderabiliter

278 1789 517 1828 venerando
552 1789 623 1838 ill.,
659 1789 808 1828 merito
844 1789 1092 1828 sacerdotali
1125 1794 1382 1841 paternoque
1418 1790 1596 1829 culmine
1631 1790 1689 1829 in-

277 1848 444 1899 signito,
482 1848 752 1897 Prudencius,
789 1848 1041 1887 famulorum
1060 1848 1213 1888 Christi
1234 1848 1505 1898 humillimus,
1541 1849 1689 1901 sempi-

278 1913 440 1946 ternam
490 1907 531 1946 in
581 1908 769 1947 omnium
823 1908 1040 1947 Salvatore
1091 1908 1281 1947 salutem.
1353 1908 1584 1959 Quantum,
1633 1908 1691 1947 mi

278 1967 456 2005 fratrum
496 1966 727 2015 karissime,
777 1967 1013 2006 litterarum
1053 1972 1150 2006 tuae
1189 1967 1548 2018 perdesiderabilis
1588 1966 1691 2006 mihi

277 2025 569 2075 germanitatis
604 2030 748 2065 textus
782 2038 919 2065 meam
953 2026 1025 2065 diu
1060 2026 1437 2077 insaciabiliterque
1472 2026 1689 2066 collectam

278 2084 392 2123 sitim
433 2090 654 2136 estumque
694 2085 871 2124 dulcedo
911 2085 1173 2133 recreaverit,
1215 2090 1505 2137 quantumque
1546 2086 1689 2124 iucun-

277 2143 472 2182 dissimae
520 2143 818 2183 oblectacionis
866 2144 1085 2193 invexerit,
1134 2144 1311 2183 fideliter
1360 2144 1482 2183 fateri
1528 2144 1687 2196 nequit,

279 2203 432 2254 quippe
464 2216 558 2241 cum
590 2208 655 2242 tot
685 2203 899 2254 tantisque
929 2203 1298 2255 perturbacionum
1330 2203 1528 2242 fluctibus
1558 2215 1687 2255 penae

278 2261 612 2301 inrevocabiliter
654 2262 831 2301 obrutus
871 2276 921 2301 ne
963 2262 1080 2301 sibilo
1123 2262 1306 2314 quidem,
1346 2267 1395 2301 ut
1425 2262 1589 2311 dicitur,
1624 2262 1686 2302 tui

278 2321 503 2371 quicquam
532 2321 725 2360 haurirae
754 2321 972 2369 voluerim,
1002 2326 1145 2360 utrum
1175 2326 1215 2360 te
1245 2323 1491 2373 super[esse]
1521 2334 1571 2360 an
1599 2321 1687 2370 [ad]

279 2380 506 2418 Dominum
542 2380 624 2419 iam
658 2380 810 2419 redisse
845 2380 1124 2431 contingeret3
1160 2394 1254 2419 cum
1283 2386 1466 2432 repente,
1501 2380 1571 2418 vix
1595 2385 1686 2419 tan-

277 2438 371 2477 dem
416 2451 439 2477 a
482 2439 682 2490 palatinis
725 2439 924 2488 excubiis,
969 2439 1121 2491 quibus
1163 2440 1235 2479 diu
1279 2439 1473 2478 inservire
1518 2444 1688 2478 coactus

277 2498 453 2546 fueram,
507 2498 739 2547 absolutus,
792 2499 967 2537 latorem
1020 2511 1146 2550 quam
1199 2498 1533 2537 desiderabilium
1586 2497 1689 2536 mihi

277 2556 443 2608 apicum
485 2562 721 2596 vestrorum
762 2558 926 2606 Trecas,
968 2557 1034 2596 cui
1074 2570 1165 2597 mae
1207 2557 1346 2597 divine
1387 2557 1561 2608 graciae,
1602 2569 1687 2596 non
