1895 2990
728 142 942 181 -25-

133 249 289 288 ibidem
315 248 559 287 interfectus
584 247 678 295 fuit,
704 246 843 285 taliter
868 245 1157 285 testimonium
1182 246 1452 296 prebuerunt,
1478 251 1540 294 ut,

132 308 233 347 dum
257 307 406 358 aliquis
429 306 554 345 homo
575 305 742 344 nomine
766 305 856 343 ille1
879 304 1133 343 sollemniter
1157 303 1257 343 sibi2
1279 304 1539 352 ambulabat,

134 366 189 405 sic
216 366 300 405 iam
328 366 465 404 dictus
491 364 556 403 ille
586 363 798 414 quondam
827 363 963 414 ipsum
991 362 1205 402 adsallivit
1232 362 1298 401 vel
1326 362 1542 401 insidiavit

133 430 175 464 et
191 437 254 463 res
277 436 371 463 suas
394 423 430 462 ei
447 422 704 461 contradixit
726 427 853 473 atque
871 421 1075 460 violenter
1099 434 1220 473 super
1246 421 1382 473 ipsum
1405 421 1542 471 evagi-

133 487 258 522 nato³
294 482 429 532 gladio
467 481 622 529 venit4,
661 481 770 520 unde
809 480 960 519 livores
997 480 1063 519 vel
1101 480 1371 532 capulaturas
1409 484 1537 530 atque
1572 484 1592 518 5

134 541 340 593 colaphis⁵
361 539 581 578 manifeste
604 544 823 590 apparent.
865 539 962 578 Ideo
987 539 1157 587 etenim,
1180 539 1281 578 dum
1305 538 1362 577 sic
1384 538 1540 577 veritas

134 599 473 651 conprobaretur,
536 598 706 637 veniens
769 597 851 637 iam
904 598 1042 636 dictus
1094 597 1160 637 ille
1215 597 1542 649 adprehensam6

133 670 304 698 manum
345 657 410 696 vel
451 669 567 696 arma
608 656 786 708 predicti
826 656 988 705 iudicis,
1031 656 1139 695 sicut
1178 669 1269 695 mos
1309 661 1385 704 est,
1428 656 1542 707 apud

134 717 323 756 homines
355 716 417 764 12,
448 728 577 755 manu
607 728 681 754 sua
711 715 836 754 tertia
866 715 1067 763 decima⁷,
1098 715 1319 754 dextratus
1349 715 1415 753 vel
1445 727 1542 753 con-

134 776 320 814 iuratus⁸
343 775 464 822 dixit,
490 774 616 826 quod,
640 775 741 813 dum
766 774 878 825 ipse⁹
901 774 1157 813 sollemniter
1181 773 1260 813 sibi
1283 774 1543 821 ambulabat,

134 834 216 873 iam
249 834 386 872 dictus
418 833 483 872 ille
517 833 730 884 quondam
764 846 859 872 eum
891 833 1001 871 malo
1034 833 1177 872 ordine
1220 832 1469 871 adsallivit1⁰
1501 837 1544 871 et

134 893 357 943 evaginato
392 892 528 942 gladio
564 904 685 943 super
721 905 815 931 eum
851 892 968 930 venit
998 897 1040 930 et
1073 904 1194 943 super
1232 891 1368 943 ipsum
1393 892 1544 930 livores

133 951 200 990 vel
233 951 517 1002 capulationes
549 950 663 989 misit
689 955 731 989 et
755 963 819 989 res
852 963 946 989 suas
969 950 1059 989 illas
1091 949 1128 989 ei
1153 950 1367 1001 diriperell
1394 950 1543 998 voluit,

135 1016 178 1049 et
200 1016 426 1061 postquam
450 1009 551 1048 istas
574 1015 786 1060 presentes
809 1009 960 1047 livores
982 1009 1152 1060 recepit,
1176 1009 1423 1048 necessitate
1447 1021 1543 1047 oon-

135 1069 278 1120 pulsus
313 1068 448 1120 ipsum
483 1067 714 1119 placavitw,
741 1081 813 1119 per
849 1072 1010 1119 quem13
1038 1073 1230 1107 mortuus
1265 1067 1391 1116 iacet,
1427 1073 1470 1106 et
1504 1067 1545 1106 in

137 1140 212 1167 sua
248 1132 341 1166 orta
377 1127 646 1166 contentione
683 1127 748 1165 vel
787 1126 828 1165 in
866 1139 939 1165 sua
976 1125 1139 1166 movita
1175 1131 1302 1177 atque
1339 1140 1410 1178 per
1448 1139 1544 1165 suas

137 1187 280 1237 culpas
306 1185 459 1225 ibidem
485 1185 730 1224 interfectus
756 1185 855 1234 fuit3
882 1191 924 1224 et
941 1185 998 1224 sic
1023 1191 1086 1224 est
1103 1185 1258 1224 veritas
1277 1185 1433 1236 absque
1460 1185 1544 1224 ulla

137 1245 282 1283 fraude
307 1244 371 1283 vel
395 1244 602 1293 conludio,
626 1249 669 1283 et
691 1244 733 1283 in
757 1257 831 1283 sua
854 1244 977 1295 culpa
1000 1244 1228 1283 secundum
1252 1244 1383 1294 legem
1407 1244 1543 1295 ipsum

137 1303 427 1342 ferrobattudo
459 1303 570 1342 fecit.
621 1303 796 1342 Proinde
830 1308 1086 1354 oportunum
1119 1303 1200 1342 fuit
1232 1303 1360 1354 ipsius
1392 1303 1463 1351 illi,
1497 1307 1545 1341 ut

137 1362 245 1401 hanc
271 1361 467 1401 notitiam
494 1362 547 1401 ad
574 1361 706 1401 instar
732 1361 946 1401 relationis
973 1362 1121 1401 exinde
1145 1362 1328 1413 accipere
1354 1361 1544 1409 deberet3

139 1414 251 1472 Quod
278 1420 338 1459 ita
364 1426 406 1459 et
432 1420 543 1459 fecit.
590 1421 671 1460 Sed
698 1426 844 1472 postea
870 1433 967 1459 vero
987 1421 1127 1460 taliter
1154 1420 1195 1459 in
1223 1421 1305 1460 iam
1323 1420 1437 1460 dicto
1455 1420 1545 1459 loco

138 1479 268 1531 ipsius
292 1479 351 1518 illi
374 1479 605 1518 iudicatum
630 1480 723 1528 fuit,
749 1485 798 1518 ut
822 1479 863 1518 in
887 1485 1031 1519 noctes
1055 1480 1106 1519 40
1130 1480 1243 1531 apud
1267 1479 1456 1518 homines
1479 1479 1545 1527 36,

138 1551 267 1577 manu
298 1551 371 1577 sua
401 1537 613 1589 trigesima
644 1538 869 1590 septimau,
894 1538 976 1578 iam
999 1539 1112 1578 dicto
1135 1538 1204 1577 illo
1231 1539 1480 1590 quondam15
1503 1537 1545 1576 in

139 1596 309 1636 ecclesia
351 1596 433 1645 illa,
477 1597 519 1636 in
561 1597 650 1636 loco
693 1603 964 1649 nuncupante
1009 1597 1093 1646 illo,
1136 1598 1350 1636 coniurare
1394 1597 1547 1636 debeat

139 1655 252 1707 apud
279 1655 466 1695 homines
494 1655 650 1695 visores
677 1661 719 1695 et
746 1657 994 1706 cognitores,
1022 1669 1069 1695 eo
1098 1656 1210 1708 quod
1238 1656 1303 1695 ille
1332 1656 1546 1708 quondam

139 1714 247 1753 male
278 1714 419 1753 ordine
450 1727 571 1766 super
601 1728 696 1754 eum
719 1716 902 1754 venisset
931 1720 973 1754 et
998 1728 1061 1754 res
1086 1728 1181 1754 suas
1204 1715 1240 1754 ei
1263 1715 1547 1754 contendisset

139 1772 206 1812 vel
231 1772 425 1824 primitus
451 1773 587 1825 ipsum
613 1774 820 1825 placasset
845 1774 909 1813 vel
935 1774 1155 1813 livorasset
1180 1779 1222 1813 et
1248 1774 1384 1826 ipsum
1410 1774 1452 1813 in
1478 1773 1547 1812 via

141 1831 375 1871 adsallisset
398 1832 464 1871 vel
489 1832 739 1881 insidiasset,
765 1838 808 1872 et
832 1833 874 1872 in
899 1846 974 1872 sua
998 1833 1162 1872 movita
1186 1832 1251 1872 vel
1277 1833 1319 1872 in
1334 1846 1409 1872 sua
1424 1833 1547 1884 culpa

142 1890 296 1929 ibidem
320 1891 562 1930 interfectus
586 1892 745 1930 fuisset.
782 1891 837 1931 Et
856 1891 889 1930 si
911 1891 989 1931 hoc
1012 1892 1145 1931 facere
1164 1891 1363 1943 potuerit,
1383 1892 1432 1931 de
1457 1891 1547 1943 ipsa

141 1954 275 1988 morte
311 1949 475 2000 quietus
508 1950 648 1990 valeat
680 1950 871 1990 residere.

141 2008 186 2047 F.
214 2008 469 2047 Turonenses
498 2009 557 2056 (Z.
589 2009 629 2049 S.
661 2009 890 2058 152-153,
919 2023 959 2048 n.
988 2010 1071 2059 30).
1116 2022 1154 2049 a.
1181 2009 1411 2049 700—750.

526 2114 591 2154 35.
624 2114 831 2154 Iudicium
861 2114 1162 2154 evindicatum.

226 2171 297 2210 Ille
323 2184 409 2220 rex,
436 2171 498 2211 vir
523 2173 710 2223 inluster,
738 2173 807 2213 illo
833 2174 999 2213 comite.
1038 2174 1219 2214 Veniens
1245 2174 1310 2213 ille
1337 2174 1379 2213 in
1404 2179 1549 2214 nostra

143 2230 209 2269 vel
260 2242 476 2281 procerum
525 2237 763 2271 nostrorum
813 2233 1023 2284 presentia
1072 2233 1288 2284 suggessit,
1339 2246 1386 2272 eo
1436 2233 1548 2284 quod

245 2301 258 2322 1
278 2301 331 2336 illi
353 2301 396 2336 B.
418 2321 468 2326 —
488 2302 502 2323 ²
520 2303 574 2338 sic
588 2313 610 2337 a
628 2305 662 2346 2,
681 2303 731 2346 B;
751 2305 840 2349 fehlt
860 2314 882 2338 a
897 2307 936 2346 13
952 2303 1116 2339 michiA
1132 2306 1164 2339 3.
1177 2304 1449 2339 ——ssevainato
1465 2305 1499 2339 A
1514 2306 1547 2339 3.

144 2373 194 2378 ——
214 2354 228 2375 4
244 2353 344 2388 vinit
368 2356 400 2389 A
417 2357 450 2390 3.
471 2375 521 2379 —
552 2355 567 2376 ⁵
589 2356 741 2400 colaphi
764 2367 786 2391 a
811 2360 850 2399 13
875 2356 1001 2401 colapi
1025 2357 1069 2392 B.
1093 2376 1143 2381 -—
1166 2357 1180 2378 ‘³
1203 2357 1443 2402 adprehensa
1468 2368 1489 2392 a
1515 2359 1548 2392 2.

145 2426 194 2431 —
217 2406 230 2427 ⁷
254 2407 463 2442 tredecima
486 2408 520 2443 A
542 2410 576 2443 3.
598 2428 648 2432 ——
670 2411 683 2430 ⁸
704 2409 932 2444 dexteratur
954 2409 1014 2444 vel
1037 2410 1263 2445 coniuratur
1286 2410 1329 2445 B.
1362 2430 1411 2434 —
1442 2410 1457 2431 ⁹
1477 2409 1550 2455 ipsi

147 2469 168 2493 a
191 2461 225 2502 2,
248 2459 292 2494 B.
324 2480 374 2484 —-
407 2457 439 2480 ¹⁰
460 2460 632 2496 adsilivit
655 2462 689 2496 A
719 2464 758 2504 3;
785 2462 968 2497 adsalivit
995 2462 1038 2497 B.
1074 2483 1123 2487 —
1158 2463 1187 2484 ¹¹
1212 2463 1395 2508 disripere
1423 2463 1466 2498 B.
1502 2482 1551 2486 —

147 2511 178 2532 1²
203 2511 375 2556 plagavit
412 2514 445 2548 A
472 2516 504 2548 1.
549 2533 598 2537 —
644 2514 675 2535 1³
702 2524 769 2559 pro
801 2515 891 2559 quid
924 2515 966 2550 B.
1015 2535 1064 2540 —
1110 2516 1140 2537 1⁴
1169 2516 1360 2551 tricesima
1389 2526 1411 2551 a
1438 2518 1471 2551 2.
1502 2535 1551 2539 ——

148 2564 179 2586 1⁵
206 2565 370 2600 condam
400 2565 443 2601 B.

1577 779 1623 811 10

1579 1071 1625 1105 15

1579 1367 1625 1399 20

1581 1659 1627 1694 25

1583 1956 1630 1989 30
