1895 2990
206 792 251 824 10

206 1087 249 1119 15

205 1383 250 1416 20

207 2117 250 2151 30

888 150 1097 188 —12—

288 255 458 304 diceret,
493 255 613 307 quasi
646 268 764 294 servo
799 268 872 294 suo
905 268 1057 294 nomen
1091 255 1159 294 illo
1193 268 1276 294 una
1310 268 1403 294 cum
1437 255 1593 294 rauba1
1625 269 1699 295 sua

290 314 330 353 in
369 314 531 353 soledos
566 320 711 353 tantos
747 320 844 366 post
880 327 920 353 se
958 314 1181 364 fugitivos2
1217 314 1342 365 pedes
1378 314 1601 365 recepisset
1635 315 1701 353 vel

290 378 386 424 post
413 386 453 412 se
481 373 681 412 retenerit
708 373 939 412 indebitae:
970 374 1046 412 ad³
1072 372 1174 412 haec
1201 374 1416 425 praefatus
1444 373 1534 411 11104
1561 373 1702 412 01111113

288 432 391 471 11300
433 432 598 471 fortiter
640 432 754 470 visus
796 437 859 470 est
899 432 1138 482 denegasse,
1182 433 1293 483 quod
1335 445 1410 471 nec
1452 432 1541 483 ipso
1583 444 1701 470 servo

296 490 523 542 fugitivus⁵
558 491 685 542 pedes
721 503 797 529 nec
832 491 964 529 rauba
1002 503 1076 529 sua
1113 496 1209 542 post
1238 495 1302 529 506
1338 504 1571 543 numquam
1594 503 1702 530 rece-

293 550 457 601 pisset7.
511 550 590 589 Sed
624 550 726 588 dum
761 549 868 588 inter
903 562 943 587 se
978 549 1258 598 intenderent,
1294 550 1351 589 sic
1384 551 1517 589 eidem
1553 563 1576 589 a
1610 561 1718 601 pro-⁴

290 609 451 647 ceribus
479 607 646 656 nostris,
677 608 718 646 in
750 613 957 659 quantum
987 608 1173 647 inlustris
1203 608 1265 646 vir
1295 609 1375 658 ille,
1405 622 1542 648 comes
1571 608 1705 660 palati

290 667 435 716 nostri,
458 666 780 715 testimoniavit,
804 667 884 705 fuit
904 666 1151 715 iudicatum,
1173 672 1222 706 ut
1242 667 1292 705 de.
1314 668 1497 719 quinque
1518 667 1703 706 denomi-

289 732 416 766 natus
444 726 553 765 idem
582 725 647 764 ille
675 726 788 777 apud
817 731 900 764 tres
928 731 970 764 et
997 725 1098 764 alios
1126 731 1223 775 tres,
1253 739 1326 765 sua
1354 739 1481 766 manu
1509 726 1702 778 septima,

290 791 391 824 tunc
427 785 469 824 in
504 784 664 836 palatio
700 790 845 823 nostro
881 797 1003 836 super
1039 784 1199 836 capella
1233 785 1377 823 domni
1411 785 1595 835 Martini,
1631 785 1705 824 ubi

289 845 448 895 reliqua
495 849 759 883 sacramenta
804 849 1068 895 percurrunt,
1116 843 1269 883 debeat
1314 844 1543 893 coniurare,
1591 844 1702 895 quod

289 903 572 955 suprascribto
603 915 722 941 servo
752 902 822 941 illo
851 908 1111 942 memoratus
1140 902 1205 941 ille
1235 903 1361 954 pedes
1392 902 1592 953 fugitivos
1620 915 1704 942 una

288 975 382 1001 cum
414 962 547 1001 rauba
580 974 654 1001 sua
687 961 729 1000 in
761 961 923 1001 soledos
955 967 1100 1001 tantos
1131 967 1228 1013 post
1260 975 1300 1001 se
1332 975 1565 1013 numquam
1596 974 1704 1000 rece—

287 1021 430 1072 pisset.
488 1021 530 1060 Si
568 1020 647 1060 hoc
685 1021 902 1060 coniurare
941 1020 1142 1072 potuerit,
1181 1021 1231 1060 de
1271 1021 1349 1060 hac
1387 1034 1513 1060 causa
1551 1021 1704 1059 ductus

286 1080 496 1129 resedeat,
520 1080 583 1119 sin
604 1085 748 1119 autem
769 1092 854 1119 non
876 1079 1075 1131 potuerit,
1099 1079 1187 1131 ipso
1211 1092 1329 1119 servo
1351 1093 1435 1119 una
1456 1093 1551 1119 cum
1573 1079 1705 1118 rauba

288 1152 361 1178 sua
391 1139 432 1178 in
463 1139 627 1178 soledus
657 1144 804 1178 tantus
834 1152 927 1178 cum
958 1139 1057 1190 legis
1086 1139 1337 1178 beneficium
1366 1139 1559 1191 partibus
1588 1143 1705 1177 ante-

287 1198 403 1237 dicto
430 1198 499 1237 illo
524 1198 695 1237 reddere
723 1199 906 1237 studeat.
951 1198 1125 1237 Inte11m
1152 1211 1249 1237 1010
1276 1211 1406 1250 usque
1434 1198 1522 1249 ipso
1549 1197 1703 1249 placito

287 1263 436 1296 neutra
466 1266 587 1309 pars8
616 1271 666 1296 ex
698 1257 797 1309 ipsis
827 1257 997 1296 iectita‘¹<
1021 1270 1105 1296 non
1128 1263 1345 1309 appaieat,
1378 1258 1487 1296 unde
1512 1256 1705 1308 aequales

289 1316 570 1368 preceptionis
599 1316 657 1355 eis
689 1316 778 1355 fieli
807 1322 850 1356 et
878 1317 1062 1368 accipere
1093 1316 1300 1356 iussimus.

288 1376 332 1415 F.
363 1376 555 1414 Marculfi
588 1376 646 1422 (Z.
681 1376 721 1415 S.
753 1376 817 1424 67,
848 1389 888 1414 n.
919 1375 1002 1425 ’.38)
1035 1376 1070 1415 7.
1103 1375 1170 1416 Jh.

610 1565 672 1604 19.
704 1564 980 1604 Confirmatio
1011 1565 1061 1604 de
1093 1565 1384 1604 emunitatem.

370 1635 602 1687 Principale
635 1635 804 1687 quidem
835 1635 1058 1674 clementia
1088 1640 1335 1675 cunctorum
1366 1636 1487 1674 decet
1516 1646 1705 1674 accomo-

286 1694 385 1733 dare
407 1707 505 1733 aure
527 1694 723 1745 benigna,
745 1695 967 1746 precipuae
990 1707 1096 1746 quae
1117 1707 1191 1746 pro
1213 1694 1446 1746 conpendio
1468 1694 1705 1733 animarum

287 1766 310 1792 a
339 1753 653 1805 precidentibus
682 1753 862 1804 regibus,
902 1753 1149 1805 parentibus
1178 1754 1345 1802 nostris,
1377 1754 1429 1792 ad
1458 1753 1550 1792 loca
1579 1752 1705 1791 00010-

289 1812 445 1851 siarum
482 1813 710 1864 probamus
746 1825 832 1852 esse
870 1813 1096 1862 indultum,
1136 1814 1290 1852 devota
1326 1813 1527 1852 debemus
1564 1816 1704 1850 mente

286 1872 541 1923 perpendere
561 1877 604 1911 et
623 1885 806 1923 congrua
826 1872 1043 1921 beneficia,
1073 1878 1122 1911 ut
1140 1885 1372 1911 mereamur
1402 1872 1443 1910 in
1471 1871 1705 1910 mercedem

290 1943 376 1969 esse
419 1931 659 1983 participeS,
702 1944 786 1970 non
828 1944 992 1982 negare,
1037 1931 1107 1970 sed
1149 1931 1437 1970 robostissimo
1481 1931 1566 1969 iure
1609 1932 1705 1981 per⁹

288 1990 441 2029 nostris
467 1990 642 2029 oracolis
667 1990 930 2029 confirmare.
975 1990 1107 2041 Igitur
1133 1990 1387 2042 apostolicus
1412 1989 1475 2028 1-11
1501 1989 1571 2038 1111,
1598 1988 1706 2027 1111115

288 2048 473 2088 civitatis
491 2049 725 2101 episcopus,
744 2049 990 2089 clementiae
1007 2049 1123 2100 regni
1140 2049 1272 2088 nostri
1291 2049 1507 2100 suggessit,
1526 2061 1573 2088 eo
1593 2046 1704 2099 quod

288 2107 354 2147 ille
386 2121 457 2147 rex
481 2122 552 2160 per
575 2121 650 2148 sua
673 2109 975 2148 auctoritatem
999 2121 1075 2148 sua
1098 2121 1227 2148 manu
1252 2108 1488 2160 subscripta
1510 2108 1560 2147 de
1584 2106 1704 2145 villas

287 2167 481 2206 ecclesiae
503 2180 599 2206 suae
624 2167 747 2217 illius,
772 2168 884 2219 quod
908 2168 961 2207 ad
985 2180 1152 2219 presens
1171 2168 1436 2219 possedebat,
1460 2167 1525 2206 vel
1545 2165 1657 2217 quod
1681 2177 1703 2203 a

291 2226 377 2265 Deo
392 2226 580 2266 timentis
592 2227 851 2266 homenebus
864 2227 1019 2266 ibidem
1033 2227 1204 2266 inantea
1215 2227 1523 2277 deligabantur,
1543 2225 1704 2275 integra

288 2285 520 2324 emunitate
544 2286 865 2334 concessissetw,
889 2291 937 2325 ut
958 2286 1097 2325 nullus
1121 2285 1245 2325 iudex
1269 2285 1460 2337 publicus
1483 2285 1535 2324 ad
1559 2295 1705 2323 causas

289 2344 544 2383 audiendum
566 2345 632 2384 vel
654 2346 796 2384 fretall
818 2345 1069 2395 exigendum
1090 2358 1166 2384 nec
1186 2345 1424 2384 mansiones
1442 2349 1516 2383 aut
1534 2347 1705 2395 paratas

390 2474 401 2494 ¹
418 2485 539 2519 raupa
557 2476 589 2509 A
608 2477 640 2510 2.
658 2495 707 2498 —
724 2475 737 2496 2
754 2474 976 2519 fugititivus
992 2476 1025 2510 A
1044 2477 1076 2509 3.
1094 2495 1143 2498 —
1174 2475 1188 2496 ³
1205 2477 1274 2510 aut
1291 2476 1324 2510 A
1342 2477 1374 2509 2.
1392 2494 1441 2498 —
1457 2474 1470 2494 ‘¹
1486 2473 1538 2507 illi
1556 2475 1587 2508 A
1607 2476 1639 2508 3.
1657 2492 1706 2497 —

289 2527 303 2547 ⁵
323 2526 511 2571 fugitivos
532 2528 565 2562 A
588 2529 620 2562 2.
643 2548 692 2551 —
713 2528 727 2549 ὓ
748 2538 858 2572 posse
880 2529 912 2562 A
936 2530 968 2563 3.
990 2548 1039 2552 —
1060 2528 1073 2548 ⁷
1094 2528 1291 2572 recipisset
1312 2529 1345 2562 A
1368 2529 1400 2562 2.
1422 2547 1471 2550 —
1494 2529 1505 2547 ⁸
1528 2537 1595 2561 nec
1617 2528 1705 2561 utra

290 2590 376 2624 pars
405 2581 436 2615 A
468 2582 500 2614 2.
538 2601 575 2604 —
605 2581 618 2601 ⁹
643 2591 709 2625 pro
736 2583 768 2616 A
795 2583 827 2616 3.
854 2601 903 2605 --
931 2578 963 2601 ¹⁰
988 2581 1176 2616 concessit
1203 2581 1245 2616 B.
1272 2600 1321 2605 —
1349 2577 1383 2600 1¹
1407 2579 1512 2614 freda
1539 2581 1571 2614 A
1599 2582 1633 2622 2,
1659 2579 1703 2614 B.
