1836 2985
104 224 215 275 ligna
237 223 493 263 sufficienter
515 228 557 262 et
578 223 690 262 intra
712 221 1074 273 quadragesimam
1097 221 1247 260 cotidie
1270 222 1511 261 formaticos

105 287 320 334 quattuor,
352 282 561 333 legumina
592 281 774 320 sextaria
805 280 902 328 duo,
934 280 1080 331 pisces,
1113 280 1233 319 iuxta
1259 281 1371 331 quod
1397 280 1510 320 inve-

103 341 190 380 nire
210 346 400 392 possunt,
420 345 463 379 et
481 340 534 378 ad
554 339 737 378 caballos
757 351 901 377 eorum
920 339 970 378 de
991 351 1158 377 annona
1178 338 1329 378 cotidie
1349 339 1510 378 modios

105 405 285 451 quatuor
329 405 372 438 et
415 398 523 437 inter
567 398 714 436 ambos
758 397 808 436 de
854 397 947 436 feno
992 397 1230 446 karradam,
1275 402 1507 436 vecturam.

103 458 267 506 Videte,
299 463 348 496 ut
378 456 537 496 nullam
570 456 664 495 inde
697 455 1001 506 neglegentiam
1034 455 1239 495 habeatis.

102 517 148 556 Τ.
178 516 413 566 Imperiales
445 515 504 562 (Z.
540 515 580 555 S.
613 514 703 563 292,
735 528 776 553 n.
810 515 864 563 7).
911 527 947 554 a.
972 514 1204 554 800—850.

771 608 834 647 67.

184 674 343 713 Notum
366 673 421 712 sit
442 673 568 724 igitur
591 673 785 712 omnibus
807 672 1002 712 fidelibus
1024 677 1193 712 sanctae
1218 672 1296 712 Dei
1317 673 1509 712 ecclesiae

102 738 144 772 et
176 733 344 781 nostris,
383 731 673 784 praesentibus
712 731 868 771 scilicet
914 744 962 771 ac
1009 731 1174 781 futuris,
1224 732 1321 783 quia
1357 731 1509 771 Haimo

102 804 251 840 comes,
281 791 416 832 fidelis
443 796 598 839 noster,
626 795 816 830 nostram
845 790 987 829 adiens
1016 790 1295 839 clementiam,
1325 790 1510 830 innotuit

101 849 339 889 celsitudini
369 854 524 898 nostre,
558 849 736 900 qualiter
768 849 821 888 ab
856 849 1143 898 Ercamberto‚
1176 849 1262 888 filio
1295 849 1509 901 quondam

104 909 302 958 Radonis,
342 913 385 947 et
425 908 620 956 Bettone,
661 907 848 957 ejusdem
891 908 1076 947 Radonis
1114 908 1364 959 propinquo,
1406 920 1509 959 quos

101 967 199 1006 olim
227 967 455 1007 secundum
482 967 613 1017 legem
635 966 813 1006 Salicam
841 966 1041 1017 ingenuos
1063 966 1357 1015 relaxavimus,
1387 979 1508 1018 quas-

99 1026 198 1065 dam
233 1039 296 1065 res
332 1026 432 1065 sitas
468 1025 510 1064 in
545 1038 651 1077 pago
671 1025 848 1075 Aulinge
888 1025 1080 1074 Saxonie,
1117 1025 1159 1064 in
1195 1025 1379 1064 centenis
1415 1025 1506 1073 illis,

100 1097 171 1124 seu
210 1090 252 1124 et
289 1085 331 1124 in
368 1084 613 1124 Caniucinse
653 1083 694 1122 in
742 1084 831 1122 loco
879 1089 1150 1135 nuncupante
1191 1085 1508 1132 Dotane-curte,

100 1156 195 1182 cum
230 1143 448 1195 mancipiis
483 1148 525 1182 et
560 1142 754 1182 omnibus
789 1143 1025 1181 attinentiis
1061 1142 1194 1194 pretio
1231 1143 1309 1182 sibi
1344 1147 1508 1194 emptas

99 1202 314 1241 habuisset
371 1207 498 1253 atque
546 1215 596 1241 ex
644 1201 700 1240 eis
747 1201 1070 1240 vindicionalem
1118 1202 1284 1240 kartam
1333 1201 1509 1240 solemni

99 1261 326 1300 traditione
339 1266 555 1312 acceptam
567 1260 802 1308 habuisset3
826 1261 895 1299 sed
919 1260 973 1299 ad
987 1260 1247 1309 coercendas,
1270 1260 1304 1299 si
1318 1260 1508 1312 aliquan-

99 1324 192 1359 tum
230 1319 272 1359 in
309 1324 524 1371 posterum
563 1319 746 1358 conferre
786 1324 1020 1368 conaretur,
1059 1324 1108 1359 ut
1145 1319 1187 1358 in
1225 1319 1300 1358 tali
1337 1332 1378 1358 re
1418 1319 1509 1358 fieri

99 1378 218 1427 solet,
255 1378 518 1430 quorundam
555 1378 718 1429 iniquas
754 1377 1021 1426 intentioneS,
1058 1378 1182 1429 petiit
1218 1377 1506 1417 celsitudinem

98 1442 301 1486 nostram,
320 1442 368 1477 ut
388 1437 497 1488 ipsas
516 1437 749 1488 emptiones
767 1437 904 1476 denuo
922 1450 994 1488 per
1012 1442 1152 1476 nostre
1172 1436 1507 1476 mansuetudinis

97 1501 369 1547 praeceptum
395 1496 555 1547 plenius
575 1495 822 1535 confirmare
835 1496 1094 1535 deberemus.
1121 1496 1246 1535 Cuius
1259 1495 1506 1547 petitionem

97 1555 300 1606 denegare
331 1555 554 1603 noluimus,
588 1555 741 1606 quippe
774 1567 867 1593 cum
899 1560 1153 1594 memoratos
1186 1555 1506 1593 Ercambertum

98 1618 141 1652 et
172 1619 334 1665 patrem
366 1613 452 1653 eius
484 1613 600 1652 illum
632 1625 791 1652 necnon
825 1618 867 1652 et
899 1614 1182 1665 propinquum
1214 1626 1356 1652 eorum
1389 1613 1506 1652 illum

96 1684 182 1711 non
226 1672 360 1712 solum
404 1672 597 1711 libertate
641 1672 951 1720 donaverimus,
996 1685 1142 1711 verum
1186 1672 1313 1711 etiam
1357 1685 1420 1711 res
1465 1671 1506 1710 in

99 1731 355 1782 quibuslibet
385 1731 502 1782 pagis
535 1731 600 1769 vel
633 1730 851 1770 territoriis
884 1731 990 1770 iuste
1023 1731 1291 1782 legaliterque
1325 1730 1403 1770 sibi
1434 1730 1506 1770 ad-

99 1789 262 1840 quisitis
283 1790 604 1841 adquirendisve
626 1789 891 1829 auctoritatis
911 1795 1050 1829 nostre
1071 1795 1267 1841 precepto
1288 1790 1345 1829 eis
1366 1790 1506 1828 firma-

98 1847 301 1897 verimus,
344 1848 430 1897 sed,
473 1848 580 1888 sicut
622 1848 845 1900 unicuique
888 1848 1075 1888 fidelium
1117 1854 1355 1887 nostrorum
1399 1848 1504 1887 iuste

97 1906 352 1958 petencium,
383 1907 442 1946 ita
470 1920 546 1946 nos
576 1907 654 1946 illis
683 1907 929 1947 concessisse
960 1912 1086 1959 atque
1117 1907 1158 1946 in
1187 1907 1381 1946 omnibus
1410 1919 1505 1946 con-

97 1965 287 2004 firmasse
319 1966 567 2016 cognoscite.
615 1966 921 2017 praecipientes
951 1979 1046 2017 ergo
1077 1966 1280 2015 iubemus,
1312 1971 1360 2005 ut
1389 1978 1505 2017 prae-

96 2023 233 2063 dictas
270 2036 333 2063 res
363 2029 405 2063 et
435 2024 726 2076 possessiones,
763 2025 991 2064 secundum
1021 2024 1302 2064 dimenciones
1334 2030 1376 2064 et
1410 2037 1504 2064 con-

97 2082 315 2122 ventiones
365 2083 406 2122 in
440 2083 572 2123 kartis
606 2083 962 2123 venditionalibus
998 2084 1254 2135 conscriptas
1289 2089 1428 2123 totum
1463 2088 1505 2122 et

96 2142 147 2181 ad
185 2141 394 2192 integrum
421 2142 486 2181 vel
516 2143 569 2182 ad
604 2143 875 2194 exquisitum,
913 2156 1007 2182 cum
1042 2142 1274 2194 mancipiis,
1310 2142 1505 2193 deinceps

96 2213 168 2252 per
198 2200 306 2239 hanc
334 2205 523 2240 nostram
553 2201 852 2241 auctoritatem
882 2201 968 2241 iure
999 2201 1238 2240 firmissimo
1268 2206 1412 2241 teneat
1441 2206 1504 2240 at—

97 2272 176 2310 que
200 2259 425 2310 possideat,
449 2265 491 2299 et
514 2260 716 2312 quidquid
741 2261 891 2300 exinde
915 2261 1048 2300 facere
1067 2259 1261 2309 voluerit,
1285 2260 1413 2299 libero
1435 2291 1442 2298 .
1465 2291 1472 2298 .
1495 2291 1503 2298 .

95 2317 140 2356 F.
172 2318 409 2368 Imperialcs
443 2318 502 2365 (Z.
539 2318 579 2359 S.
612 2319 840 2368 312—313,
873 2333 913 2358 n.
947 2320 1029 2369 34).
1067 2333 1104 2359 a.
1128 2319 1355 2359 800—850.

386 2412 450 2451 68.
483 2412 757 2464 Praeceptum
787 2413 837 2452 de
867 2413 990 2452 rebus
1020 2413 1209 2453 redditis.

178 2476 335 2515 Notum
373 2476 426 2515 sit
462 2476 586 2527 igitur
623 2477 816 2517 omnibus
852 2478 1047 2517 fidelibus
1082 2478 1250 2527 nostris,
1288 2483 1375 2517 tam
1412 2490 1502 2529 pre-

96 2533 283 2574 sentibus
300 2547 425 2587 quam
442 2540 484 2575 et
502 2535 668 2585 futuris,
686 2536 783 2588 quia
801 2537 971 2588 quidam
987 2536 1189 2586 homines,
1208 2536 1502 2588 Ermengarius

1573 796 1618 829 10

1572 1089 1617 1122 15

1570 1384 1615 1417 20

1568 1676 1613 1711 25

1568 1973 1614 2006 30

1567 2265 1613 2300 35
