1836 2985
722 149 926 188 *37-

121 259 265 293 sancto
300 254 411 293 illo.“
454 254 725 305 Insequenter
760 265 857 291 vero
891 257 988 303 post
1023 252 1107 303 ipse
1143 252 1217 290 tris
1247 251 1449 291 aloariae*
1480 257 1523 291 et

123 313 171 352 12
208 313 532 352 conlaudantes*
570 312 814 350 iuraverunt
849 316 892 350 et
921 311 970 350 de
1001 310 1162 361 linguas
1192 323 1335 350 eorum
1364 310 1523 361 legibus

120 372 355 411 dixerunt1.

120 431 164 470 F.
195 430 417 471 senonicae
447 429 505 476 (Z.
538 428 578 468 S.
609 428 698 477 194,
727 441 767 467 n.
796 428 878 477 21).
925 441 962 467 3.
988 428 1217 468 768-775.

437 557 501 597 50.
534 557 721 596 Notitia2
750 557 800 596 de
830 556 949 596 erbas
978 556 1203 595 maleficas.

176 629 211 668 N
215 627 350 676 otitia‚
362 627 539 679 qualiter
551 633 594 666 et
606 627 756 679 quibus
764 627 1027 678 presentibus
1038 627 1208 666 veniens
1218 627 1373 666 femina
1384 626 1525 678 aliqua

119 699 269 726 nomen
294 686 364 725 illa
389 687 432 725 in
456 699 563 738 pago
588 686 670 734 illo,
696 686 738 725 in
763 686 914 724 mallo*
932 685 1112 737 publico,
1132 686 1173 724 in
1192 685 1362 725 basilica
1379 690 1524 724 sancto

119 745 201 794 illo,
223 750 320 784 ante
342 745 432 784 illos
452 750 495 784 et
515 745 605 783 illos
625 750 668 783 et
688 745 792 783 alius
815 757 941 796 quam
963 744 1091 796 pluris
1121 745 1241 784 bonis
1272 744 1524 792 hominibm,

119 804 191 855 qui
216 804 358 843 subter
385 804 675 852 firmaverunt,
703 803 841 854 posita
875 816 1004 842 manu
1030 816 1105 842 sua
1122 816 1243 855 super
1262 808 1524 842 sacrosancto

119 862 250 902 altare
274 867 419 901 sancto
443 862 525 911 illo,
559 862 617 901 sic
642 862 780 901 iurata
802 862 928 902 dixit:
964 863 1073 911 „Hic
1096 863 1184 901 iuro
1208 876 1279 914 per
1302 862 1413 901 hunc
1436 862 1525 900 loco

121 927 265 960 sancto
290 926 332 960 et
357 921 443 960 Deo
467 921 669 960 altissimo
693 926 736 960 et
758 921 928 960 virtutis
952 926 1097 960 sancto
1121 921 1208 960 illo:
1234 921 1343 960 unde
1368 933 1432 959 me
1458 920 1522 959 ille

120 985 217 1019 ante
246 980 309 1018 vir
335 979 558 1030 magnifico
587 980 655 1018 illo
684 980 749 1019 vel
778 980 866 1018 aliis
893 980 1013 1019 bonis
1040 979 1280 1019 hominibus
1306 979 1523 1027 malavit*,

119 1052 225 1090 quae
252 1051 326 1089 ego
343 1038 492 1078 herbas
515 1038 742 1077 maleficias
760 1044 1015 1090 temporasse
1035 1038 1101 1077 vel
1125 1038 1264 1077 bibere
1289 1038 1325 1077 ei
1348 1037 1523 1086 dedisse,

118 1110 190 1149 per
226 1098 326 1149 quid
362 1097 446 1149 ipse
482 1097 736 1137 infirmasset
771 1102 846 1137 aut
873 1097 963 1136 vita
988 1110 1063 1136 sua
1091 1097 1261 1149 perdere
1291 1097 1523 1136 debuisset:

118 1168 192 1206 ego
218 1155 366 1195 herbas
390 1156 616 1195 maleficias
643 1161 897 1208 temporasse
929 1156 994 1196 vel
1026 1156 1166 1195 bibere
1195 1156 1232 1195 ei
1253 1156 1429 1205 dedisse,
1457 1168 1526 1207 per

119 1215 219 1267 quid
252 1214 338 1267 ipse
372 1215 628 1255 infirmasset
657 1220 733 1254 aut
765 1215 855 1255 vita
887 1228 962 1255 sua
988 1215 1159 1266 perdere
1184 1215 1415 1254 debuisset:
1450 1227 1525 1266 ego

117 1273 268 1313 herbas
308 1273 535 1313 maleficias
576 1286 651 1313 nec
694 1274 886 1325 potiones
925 1274 1057 1314 malas
1096 1286 1328 1325 numquam
1365 1279 1525 1325 tempo-

121 1332 212 1371 ravi
244 1345 319 1371 nec
353 1332 492 1371 bibere
526 1333 635 1381 dedi,
670 1346 742 1384 per
777 1333 877 1384 quid
911 1332 996 1384 ipse
1032 1332 1222 1372 infirmus
1256 1332 1322 1372 vel
1356 1333 1526 1371 insanus

121 1391 268 1430 fuisset
294 1396 368 1430 aut
390 1391 480 1430 vita
506 1404 581 1430 sua
606 1392 774 1443 perdere
801 1392 1032 1440 debuisset;
1059 1397 1102 1431 et
1124 1391 1203 1431 alio
1222 1392 1271 1431 de
1299 1392 1379 1431 ista
1402 1403 1526 1431 causa

1559 867 1604 900 10

1560 1160 1605 1194 15

119 1450 160 1489 in
175 1449 336 1489 nullum
351 1463 434 1489 non
448 1450 606 1489 redibio
621 1450 701 1489 nisi
715 1451 797 1490 isto
813 1456 856 1490 et
870 1450 1010 1490 idonio
1026 1455 1301 1490 sacramento.
1328 1451 1403 1489 Per
1418 1450 1528 1489 hunc
1562 1456 1607 1488 20

119 1509 209 1548 loco
241 1514 384 1548 sancto
416 1514 458 1548 et
490 1510 577 1548 Deo
609 1509 811 1548 altissimo
843 1515 886 1548 et
916 1509 1087 1549 virtutis
1118 1515 1264 1549 sancto
1296 1509 1407 1548 illo.“
1459 1509 1525 1548 In-

120 1573 340 1619 sequenter
375 1580 472 1607 vero
509 1573 604 1619 post
640 1568 724 1619 ipse
763 1573 880 1607 tante
918 1568 1164 1608 iuraverunt
1199 1573 1241 1607 et
1277 1569 1326 1607 de
1363 1568 1526 1618 linguas

119 1639 263 1665 eorum
295 1626 452 1677 legibus
484 1627 740 1666 direxerunt.

118 1685 162 1724 F.
195 1685 418 1725 Senonicac
447 1686 506 1732 (Z.
538 1686 579 1726 S.
611 1686 840 1734 194—195,
869 1699 909 1725 n.
939 1686 1021 1736 22.)
1069 1699 1106 1726 a.
1133 1686 1363 1726 768—775.

648 1816 712 1855 51.
745 1816 995 1855 Indiculum.

201 1884 351 1923 Inclito
382 1889 509 1937 atque
541 1885 908 1937 precellentissimo
940 1886 1095 1925 domno
1128 1886 1196 1925 illo
1228 1886 1400 1937 gloriose
1432 1898 1524 1936 rege

119 1955 193 1993 ego
228 1943 379 1982 ancilla
412 1949 553 1983 vestra
587 1944 807 1993 ultissima,
844 1945 1142 1984 servicissima³
1177 1945 1364 1984 omnium
1399 1944 1525 1984 ancil-

118 2001 253 2040 larum
283 2007 532 2042 vestrarum.
579 2004 825 2054 Cognoscat,
854 2004 1012 2053 domni,
1043 2004 1178 2054 gratia
1207 2009 1360 2053 vestra,
1391 2004 1526 2043 omnis

119 2060 231 2099 vassi
274 2060 402 2099 vestri
444 2074 596 2101 nomen
640 2062 698 2101 illi
740 2062 896 2101 multas
940 2063 1241 2114 inquietudinis
1294 2068 1337 2102 et
1380 2067 1525 2102 contra

119 2119 292 2157 rationis
334 2120 497 2159 ordines
539 2121 765 2160 servientes
807 2126 976 2160 sanctae
1019 2121 1141 2171 illius,
1178 2122 1266 2173 qui⁴²
1302 2122 1343 2161 in
1386 2126 1526 2160 vestra

118 2178 308 2217 mercede
333 2178 374 2217 in
398 2179 587 2229 regimini
610 2180 834 2219 ordinastis
858 2179 1024 2229 habere,
1049 2180 1124 2220 hos
1149 2181 1320 2230 faciant,
1345 2186 1388 2220 et
1411 2180 1525 2220 nulla

119 2236 281 2276 iustitia
306 2237 418 2288 apud
443 2237 531 2289 ipso
556 2239 624 2278 illo
650 2251 899 2290 consequere
926 2252 1060 2291 posso.
1103 2240 1341 2291 Propterea,
1367 2239 1524 2288 domni,

118 2295 321 2347 supplico,
351 2301 394 2334 et
416 2296 449 2334 si
479 2301 575 2335 ante
605 2303 745 2337 vestra
772 2299 978 2350 presentia
1004 2298 1143 2348 fuisse,
1170 2311 1304 2349 genua
1335 2299 1446 2338 flexa
1471 2298 1521 2337 ad

118 2358 228 2393 terra
269 2359 481 2406 prostrata
521 2355 571 2394 ad
613 2357 738 2407 pedes
778 2362 940 2396 vestros
980 2370 1194 2408 suggerere
1235 2357 1337 2396 mihi
1376 2357 1526 2396 ancilla

119 2417 259 2452 vestra
289 2413 527 2465 oportebat,
558 2419 607 2454 ut
636 2415 677 2454 in
707 2420 847 2455 vestra
878 2417 1065 2456 mercede
1096 2421 1139 2456 et
1169 2429 1308 2456 amore
1341 2416 1428 2455 Deo
1459 2416 1525 2455 vel

218 2518 231 2539 ¹
258 2518 305 2554 cf.
327 2519 440 2562 oben,
471 2519 507 2555 S.
531 2521 591 2561 35,
611 2531 634 2555 n
670 2523 727 2556 46.
766 2542 803 2546 —
839 2522 852 2543 ²
873 2522 1012 2557 notitia
1034 2534 1103 2557 aus
1122 2522 1228 2558 notia
1250 2523 1398 2558 besserte
1418 2535 1446 2558 c.
1485 2543 1522 2547 —

120 2571 134 2592 ³
173 2571 406 2607 sevicissima
440 2585 468 2608 c.
509 2593 545 2598 —
578 2573 592 2594 ⁴
619 2574 684 2609 lies
713 2584 818 2618 quas.

1559 1820 1605 1853 25

1559 2128 1605 2161 30

1559 2420 1604 2455 35
