1895 2990
794 144 980 182 ,5-

597 249 657 288 10.
691 249 746 297 (a)
780 247 857 286 Hic
886 252 950 286 est
978 247 1120 286 iestal.

268 320 437 358 Annum
466 323 616 370 quarto
642 330 816 368 regnum
843 317 988 356 domni
1013 316 1147 356 nostri
1173 316 1438 356 Childeberto
1464 329 1592 367 reges,

190 378 303 429 quod
336 378 434 416 fecit
464 377 622 415 minsus
654 376 746 414 ille2
779 375 866 414 dies
898 380 1057 424 tantus,
1091 388 1186 414 cum
1217 375 1341 426 juxta
1374 380 1593 414 consuetu-

189 437 329 476 dinem
363 434 590 475 Andicavis
626 434 807 473 civetate
843 434 956 473 curia
990 434 1158 485 puplica
1191 434 1376 473 resedere
1412 434 1453 473 in
1489 434 1592 482 foro,

190 495 356 546 ibiquae
384 494 447 532 vir
475 493 724 543 magnificus
753 492 812 531 illi
839 498 1080 544 prosecutor
1110 492 1236 532 dixit:
1269 493 1416 543 „Rogo
1446 498 1500 540 te,
1530 492 1593 530 vir

188 552 408 593 laudabilis
442 552 500 590 1111
532 552 737 600 defensor,
771 551 829 590 illi
862 556 1042 600 curator,
1077 551 1135 590 illi
1167 551 1364 602 magister
1398 551 1594 599 militum,

188 612 254 651 vel
288 611 493 662 reliquam
531 610 645 650 curia
680 610 861 662 puplica,
899 610 1045 661 utique
1083 610 1226 649 coticis
1261 609 1418 662 puplici
1452 615 1594 661 patere

189 669 379 718 iobeatis,
416 682 499 721 qua
532 669 680 717 habeo,
717 669 812 720 quid
849 669 961 720 apud
991 673 1086 708 acta
1117 672 1354 720 proseuere³
1383 668 1592 707 debiam.“

190 728 424 777 Deffensor,
459 728 698 779 principalis
733 728 854 767 simul
889 733 931 767 et
965 728 1099 767 omnis
1134 727 1247 767 curia
1281 727 1448 779 puplica
1482 727 1595 766 dixe-

186 792 304 826 runt:
337 787 521 835 „Patent
550 786 628 825 tibi
657 786 808 825 cotecis
836 786 1015 838 puplici3
1045 799 1293 838 prosequere
1323 799 1402 838 que
1431 785 1596 837 optas.“

191 845 424 894 „Ohoedire
453 846 523 884 illa
551 858 622 896 per
652 846 854 884 mandato
884 858 957 884 suo
986 845 1139 896 pagina
1167 844 1269 884 mihi
1297 845 1517 893 iniuncxit,
1547 849 1596 883 ut

188 909 431 956 prosecutor
460 904 656 943 exsistere
687 904 862 952 deberit,
894 904 1071 955 qualiter
1101 904 1365 952 mandatum,
1397 916 1523 955 quam
1553 903 1595 942 in

188 963 426 1002 dulcissimo
458 962 577 1002 iocali
606 975 699 1001 meo
730 962 798 1001 illo
829 962 898 1001 fici
928 975 1002 1014 pro
1033 963 1167 1002 omnis
1198 962 1454 1001 causacionis
1485 974 1594 1009 suas,

189 1027 277 1060 tam
304 1022 347 1061 in
373 1034 477 1073 paco
505 1034 630 1072 quam
657 1026 699 1060 et
725 1021 767 1060 in
794 1021 954 1073 palacio
983 1034 1053 1060 seu
1080 1021 1121 1060 in
1149 1021 1336 1072 qualibet
1360 1021 1464 1069 loca,
1492 1020 1596 1059 acci-

188 1081 283 1119 dere
312 1080 453 1128 faciat,
483 1080 572 1119 illas
601 1080 815 1131 porciones
843 1092 969 1128 meas,
1001 1093 1124 1131 quem
1154 1093 1205 1118 ex
1233 1084 1342 1119 alote
1372 1084 1596 1130 parentum

190 1151 378 1178 meorum
396 1139 459 1178 aei
473 1139 631 1189 legibus
648 1139 822 1178 obvenit
838 1139 903 1177 vel
920 1139 1116 1178 obvenire
1133 1138 1263 1186 debit,
1281 1143 1356 1177 aut
1373 1138 1595 1177 iustissime

190 1197 254 1236 aei
298 1203 362 1237 est
405 1197 693 1246 reddebetum,
740 1202 936 1237 aecontra
980 1197 1167 1249 parentis
1212 1197 1296 1236 suis
1340 1197 1405 1236 vel
1451 1201 1595 1235 contra

189 1256 412 1295 cuiuslibet
442 1256 654 1295 hominem
687 1256 871 1295 accidere
905 1255 969 1295 vel
1002 1256 1228 1295 admallare
1261 1269 1332 1294 seu
1364 1261 1406 1294 et
1437 1256 1596 1294 liticare

189 1315 356 1363 facias4,
390 1315 578 1366 inspecto
611 1315 680 1353 1110
713 1315 930 1364 mandato,
965 1328 1088 1366 quem
1122 1315 1163 1354 in
1196 1315 1443 1354 dulcissemo
1478 1314 1597 1353 iocali

161 1400 166 1404 -
188 1386 280 1412 meo
305 1374 373 1413 illo
398 1373 480 1422 fici,
504 1373 630 1424 gestis
654 1373 976 1425 municipalibus
1000 1374 1190 1424 adlegare
1215 1374 1433 1413 debeam.“
1475 1373 1597 1412 Curia

187 1432 278 1471 viro
308 1432 522 1472 dixerunt:
555 1433 801 1481 „Mandato,
832 1446 955 1484 quem
985 1432 1063 1472 tibi
1092 1432 1243 1472 habere
1273 1432 1387 1480 dicis,
1418 1432 1597 1483 accipiat

190 1491 253 1529 vir
291 1491 538 1530 venerabilis
577 1491 635 1530 illi
673 1491 873 1530 diaconus
911 1497 954 1531 et
992 1491 1299 1531 amanuensis.“
1357 1491 1422 1530 Illi
1459 1503 1596 1542 prose-

189 1555 310 1589 cutor
337 1550 462 1589 dixit:
493 1550 639 1600 „Rogo
666 1551 821 1589 domno
848 1550 949 1589 meis
976 1550 1170 1589 omnibus
1196 1549 1387 1602 puplicis,
1414 1555 1463 1590 ut
1489 1549 1598 1588 sicut

189 1609 439 1648 mandatum
460 1608 587 1648 istum
608 1609 775 1659 legebus
796 1609 1048 1660 cognovistis
1068 1622 1154 1648 esse
1176 1610 1349 1658 factum,
1371 1614 1419 1648 ut
1439 1609 1596 1656 dotem,

190 1680 314 1718 quem
339 1681 410 1718 per
436 1668 638 1707 manebus
664 1668 790 1717 tenio,
816 1668 935 1707 vobis
961 1668 1223 1719 presentibus
1248 1668 1291 1706 in
1316 1668 1404 1707 foro
1430 1667 1596 1719 puplico

190 1725 366 1765 iobeatis
393 1726 609 1765 recitare.“
654 1726 776 1766 Curia
804 1739 901 1766 vero
929 1727 1146 1766 dixerunt:
1177 1727 1374 1775 „Dotem,
1403 1739 1527 1777 quem
1556 1731 1596 1764 te

190 1784 292 1823 dicis
331 1798 403 1836 per
442 1785 635 1824 manibus
674 1785 865 1834 retenire,
912 1785 970 1824 illi
1009 1786 1209 1825 diaconus
1249 1791 1292 1825 et
1331 1784 1597 1824 amanuensis

188 1843 424 1882 Andecavis
444 1843 623 1883 civetate
648 1844 768 1883 nobis
793 1844 1057 1896 presentibus
1080 1844 1260 1896 accipiat
1282 1844 1593 1894 relegendum.“

196 1902 287 1953 Quo
319 1907 490 1954 accepto
522 1903 648 1942 dixit:

679 2044 736 2094 (b)
770 2044 923 2096 Incipit
952 2044 1192 2083 mandatus.

272 2113 468 2161 „Domno
506 2113 609 2152 mihi
647 2114 766 2153 iocali
805 2127 897 2153 meo
936 2114 1018 2153 illo.
1078 2115 1193 2165 Rogo
1233 2115 1368 2166 adque
1408 2114 1595 2166 supplico

188 2171 430 2211 dulcissima
458 2173 595 2222 gracia
623 2178 777 2222 vestra,
806 2178 856 2212 ut
883 2174 936 2212 ad
965 2173 1098 2212 vicem
1126 2186 1263 2212 meam
1292 2173 1425 2212 omnis
1455 2185 1596 2212 causa-

189 2230 318 2269 cionis
342 2235 521 2279 nostras,
548 2236 637 2270 tam
662 2232 704 2271 in
728 2245 836 2284 pago
862 2245 989 2283 quam
1014 2237 1057 2271 et
1081 2233 1123 2271 in
1148 2232 1309 2284 palacio
1335 2245 1402 2271 seo
1428 2232 1469 2271 in
1496 2244 1596 2283 qua-

188 2289 291 2328 libet
328 2289 468 2340 loqua,
509 2290 692 2329 accidere
732 2291 910 2340 faciatis,
951 2296 993 2330 et
1032 2291 1122 2330 illas
1160 2291 1377 2342 porciones
1416 2296 1595 2339 nostras,

191 2360 343 2398 quaem
376 2361 427 2387 ex
460 2348 569 2387 alote
601 2354 823 2400 parentum
856 2362 1044 2389 meorum
1077 2349 1180 2388 mihi
1201 2350 1359 2401 legibus
1380 2349 1596 2389 obvenisse

189 2406 255 2445 vel
294 2406 493 2446 obvenire
533 2407 664 2456 debit,
705 2413 780 2448 aut
819 2408 1042 2448 iustissime
1082 2408 1202 2448 nobis
1242 2413 1306 2448 est
1344 2408 1594 2456 redebitum,

290 2512 303 2533 ¹
321 2512 368 2547 cf.
390 2515 509 2547 unten
532 2523 567 2547 n.
585 2515 629 2547 24
651 2514 731 2548 und
753 2516 810 2549 43.
826 2514 902 2539 ——2
921 2514 995 2557 ille,
1024 2515 1062 2550 Z.
1077 2534 1127 2539 -
1154 2514 1169 2535 ³
1187 2524 1451 2559 prosevere,c;
1468 2523 1593 2559 prose-

191 2574 318 2608 quere,
336 2565 375 2600 Z.
403 2586 440 2590 —
465 2566 479 2586 ⁴
499 2566 674 2600 vielleicht
692 2566 860 2602 eliticare
879 2574 963 2602 stan
980 2569 1020 2602 et
1038 2567 1062 2602 l.

1632 792 1678 823 10

1632 1085 1677 1118 15

1629 1381 1675 1413 20

1631 1675 1675 1708 25

1634 2047 1679 2081 30

1629 2352 1675 2387 35
