1836 2985
707 117 920 155 -45-

103 223 238 263 decim
272 222 460 262 homines
493 234 588 261 suos
620 221 852 261 consimiles
885 221 926 260 in
958 221 1130 260 basilica
1162 221 1269 259 illius
1302 221 1344 260 in
1376 221 1510 260 noctis

105 281 314 321 institutis
343 281 445 320 haec
474 281 687 320 coniurare
716 279 886 319 deberet
914 284 957 318 et
983 292 1058 330 pro
1088 280 1176 330 ipso
1205 292 1324 318 servo
1352 280 1511 329 legibus

103 340 231 380 sacire
249 340 432 380 deberet.
467 339 548 378 Sed
565 338 734 377 veniens
752 338 1011 389 conscriptus
1028 338 1093 376 ille
1111 338 1164 377 ad
1181 351 1276 377 eum
1293 338 1510 389 placitum,

104 400 155 439 de
187 412 309 438 mane
341 411 470 449 usque
503 397 555 436 ad
587 409 804 448 vesperam
836 396 1086 445 custodivit,
1119 397 1190 435 sed
1223 397 1307 448 ipse
1340 397 1405 435 ille
1437 409 1512 435 nec

104 458 157 497 ad
187 457 387 509 placitum
416 456 533 495 venit
561 468 636 494 nec
664 455 788 494 misso
818 455 860 494 in
888 455 1005 506 pecio
1034 468 1108 494 suo
1147 455 1312 504 direxit,
1353 455 1424 506 qui
1461 455 1510 494 de

103 515 182 556 hac
222 528 347 555 causa
386 514 633 553 denuntiare
673 514 900 563 debuisset,
942 514 1013 554 sed
1053 514 1148 553 inde
1188 514 1406 565 neglegens
1447 514 1513 552 vel

103 575 265 626 jectus*
287 573 495 625 apparuit.
533 573 709 612 Proinde
733 577 989 624 oportunum
1014 573 1094 612 fuit
1128 573 1207 624 ipsi
1241 573 1323 622 illo,
1358 577 1406 611 ut
1429 572 1511 611 tale

103 634 258 684 jectam
294 637 454 671 cartam
490 632 772 683 suprascripto
808 632 877 670 illo
913 631 1062 671 exinde
1099 632 1285 683 accipere
1321 631 1511 679 deberet3

105 691 215 743 quod
246 691 306 730 ita
336 695 378 730 et
408 691 519 730 fecit.

104 750 148 789 F.
173 749 328 790 Salicae
351 750 627 789 Merkelianae
652 750 711 796 (Z.
738 750 778 790 S.
798 749 1022 798 252—253,
1050 763 1090 788 n.
1115 749 1198 798 30).
1223 762 1259 789 a.
1282 749 1510 789 700—750.

480 879 544 918 63.
577 878 813 918 Indiculum
844 879 896 918 ad
929 891 1138 930 sponsam.

185 949 434 988 Amabiliter
473 949 654 988 amando
694 954 736 988 et
775 949 1071 988 insaciabiliter
1110 949 1385 988 desiderando
1425 950 1514 988 dul-

105 1008 271 1047 cissima
295 1013 421 1059 atque
445 1008 486 1046 in
510 1008 705 1046 omnibus
729 1008 1002 1057 amatissima,
1026 1008 1207 1047 multum
1231 1007 1334 1046 mihi
1355 1008 1513 1047 deside-

104 1067 278 1106 rabilem
307 1067 507 1105 melliflua
536 1067 670 1105 amica
699 1079 792 1105 mea
821 1066 891 1105 illa
919 1079 992 1117 ego
1022 1067 1064 1106 in
1094 1067 1171 1105 Dei
1198 1067 1380 1106 nomine.
1426 1067 1514 1118 Ego

105 1126 261 1164 mando
284 1125 362 1164 tibi
384 1125 539 1164 salutes
563 1138 694 1176 usque
718 1125 770 1164 ad
793 1126 993 1176 gaudium
1016 1139 1088 1177 per
1110 1125 1185 1165 has
1208 1125 1359 1177 apices,
1384 1138 1514 1177 quan-

106 1189 198 1223 tum
222 1184 356 1223 cordis
377 1189 544 1223 nostrae
567 1184 756 1223 continet
778 1184 1009 1235 plenitudo.
1051 1185 1107 1223 Et
1129 1184 1207 1235 ipsi
1229 1185 1384 1223 salutes
1408 1185 1515 1223 inter

105 1243 237 1282 nubes
279 1243 512 1291 ambulant,
554 1243 613 1282 sol
645 1248 687 1282 et
718 1243 817 1282 luna
847 1243 949 1282 eius¹
983 1243 1197 1283 deducant
1229 1244 1282 1282 ad
1313 1248 1368 1282 te.
1428 1243 1515 1294 Ego

107 1302 275 1353 quando
310 1302 436 1351 iaceo,
480 1306 528 1340 tu
572 1301 674 1340 mihi
708 1315 750 1341 es
785 1302 827 1341 in
862 1302 1015 1341 animo.
1063 1302 1118 1341 Et
1146 1302 1315 1353 quando
1339 1303 1514 1351 dormio,

106 1373 267 1412 semper
295 1361 344 1400 de
372 1365 413 1400 te
442 1361 615 1399 somnio.
662 1361 773 1400 Bene
802 1360 957 1400 habeas
986 1361 1026 1400 in
1041 1361 1106 1400 die
1135 1366 1178 1400 et
1205 1366 1349 1400 noctes
1375 1361 1515 1400 suavis

107 1424 294 1458 transeas
326 1424 368 1458 et
399 1419 532 1458 amico
566 1424 639 1458 tuo
673 1432 833 1471 semper
866 1420 906 1458 in
939 1425 1078 1459 mente
1104 1420 1260 1459 habeas
1292 1433 1366 1459 nec
1380 1432 1513 1471 ponas

106 1478 222 1517 illum
244 1478 285 1517 in
306 1478 527 1527 oblivione,
551 1478 648 1530 quia
669 1491 743 1529 ego
765 1478 842 1518 tibi
864 1491 948 1518 non
970 1479 1091 1518 facio.
1128 1479 1190 1518 Tu
1213 1491 1362 1530 pensas
1383 1491 1514 1518 unum

107 1536 339 1585 consilium,
363 1542 405 1576 et
428 1550 502 1588 ego
525 1550 653 1589 penso
678 1538 823 1586 altero,
848 1550 919 1589 per
945 1538 1110 1589 qualem
1136 1538 1347 1588 ingenium
1372 1538 1515 1589 imple-

106 1608 199 1634 mus
235 1595 497 1636 desiderium.
557 1596 638 1647 Qui
672 1601 819 1647 regnat
855 1597 892 1635 in
932 1597 1017 1635 celo
1053 1602 1095 1635 et
1129 1597 1325 1648 providet
1360 1597 1515 1645 omnia,

110 1654 254 1693 tradat
288 1659 328 1694 te
362 1655 403 1694 in
438 1655 632 1694 manibus
665 1655 780 1705 meis,
815 1660 1045 1707 antequam
1069 1656 1222 1695 moriar
1242 1679 1288 1684 —
1315 1657 1429 1695 Haec
1449 1660 1513 1694 est

107 1726 260 1764 magna
296 1713 493 1753 salutatio
530 1714 636 1753 inter
673 1714 776 1753 duos
811 1714 996 1765 juvenis;
1034 1715 1138 1753 alter
1174 1715 1344 1754 alterius
1380 1719 1514 1754 trans-

107 1772 242 1811 mittit
273 1777 315 1811 et
346 1773 553 1812 neminem
586 1773 757 1812 sufficit.

108 1831 154 1869 F.
189 1830 343 1871 Salinae
371 1832 647 1871 Merkclianae
678 1832 736 1879 (Z.
774 1832 815 1872 S.
846 1832 937 1881 258,
966 1846 1006 1871 n.
1037 1832 1118 1881 47).
1161 1833 1197 1872 9.
1240 1832 1305 1874 Jh.

480 1961 544 2000 64.
578 1961 814 2000 Indiculum
845 1962 898 2001 ad
929 1961 1142 2001 abbatem.

190 2029 426 2069 Venerabili
462 2031 504 2070 in
533 2031 696 2071 Christo
725 2032 883 2071 donum
911 2031 977 2071 dei
1005 2031 1152 2071 abbati
1179 2032 1229 2071 de
1258 2032 1354 2072 aula
1382 2032 1517 2071 sancti

110 2088 218 2128 illius
263 2089 328 2128 vel
371 2089 439 2128 illo
481 2090 733 2130 monasterio
776 2096 1031 2130 constructo
1093 2091 1224 2142 Igitur
1267 2091 1517 2131 benevolens

109 2152 247 2187 vester
278 2160 339 2197 ea,
372 2161 450 2199 que
480 2149 677 2200 primitus
708 2154 820 2199 sunt,
853 2149 894 2188 in
924 2150 1094 2189 domino
1128 2149 1243 2189 Patri
1273 2155 1316 2189 et
1346 2150 1515 2189 domino

118 2206 216 2247 Jesu
252 2206 415 2246 Christo
451 2220 523 2258 per
558 2207 633 2247 has
668 2208 937 2260 parvissimas
974 2208 1110 2260 apices
1146 2209 1304 2248 delecte
1340 2209 1515 2248 caritate

110 2270 251 2304 vestra
272 2270 520 2317 perpetuam
542 2266 642 2306 obto
665 2267 857 2306 salutem.
898 2268 959 2306 De
982 2272 1118 2307 cetero
1142 2280 1360 2319 precamus
1383 2268 1515 2317 vobis,

111 2323 220 2363 unde
250 2324 333 2363 iam
362 2324 522 2365 dudum
550 2326 827 2376 precavimus,
857 2326 906 2365 de
937 2326 1006 2366 illa
1035 2326 1245 2378 mancipia
1273 2327 1338 2366 vel
1367 2327 1418 2366 de
1448 2327 1516 2366 illa

110 2383 348 2433 peculiaria,
380 2396 504 2434 quem
534 2384 575 2423 in
605 2384 682 2423 illis
711 2390 754 2424 et
783 2385 861 2424 illis
890 2385 988 2424 locis
1018 2384 1255 2424 habuimus.
1302 2386 1384 2425 Vos
1432 2398 1515 2425 non

112 2441 193 2480 fuit
225 2441 426 2492 placabile
461 2442 501 2481 in
536 2442 625 2494 ipsa
659 2444 950 2483 convenientia
983 2444 1164 2493 adstare,
1199 2444 1307 2484 sicut
1340 2444 1515 2496 parabo-

216 2541 229 2560 1
260 2542 326 2577 lies
348 2552 412 2578 eos
435 2544 499 2587 fiir
526 2552 601 2578 eas.

1544 460 1564 494 5

1545 755 1591 787 10

1548 1129 1594 1163 15

1546 1425 1592 1458 20

1550 1718 1595 1752 25

1550 2097 1596 2130 30

1550 2389 1595 2424 35
