1836 2985
183 745 197 776 ‘1
209 746 229 777 0

186 2034 232 2066 30

870 105 1085 143 ῃ44-

265 208 397 257 illum,
418 209 638 261 repetebat
658 209 708 258 ei,
730 210 830 248 dum
852 210 1020 258 diceret,
1041 223 1088 249 eo
1110 210 1220 261 quod
1243 210 1406 249 cellaria
1427 210 1491 249 vel
1513 223 1680 250 camara

264 273 307 307 et
333 268 516 318 granica,
546 268 745 319 quicquid
774 269 815 307 in
843 282 890 307 ea
919 268 1070 308 habuit
1095 269 1291 320 reposita,
1320 268 1397 307 hoc
1424 274 1488 307 est
1515 282 1678 319 aurum,

264 332 499 377 argentum,
534 327 737 378 drapalia,
773 340 904 376 arma,
938 328 1099 377 vinum,
1135 341 1273 367 anona
1308 328 1372 366 vel
1408 328 1556 367 vitalia
1590 341 1679 377 sua,

264 399 336 438 per
377 399 472 425 suas
512 386 649 425 claves
689 387 1024 426 commendasset
1063 387 1115 425 ad
1157 387 1479 426 custodiendum
1519 387 1585 425 vel
1625 387 1679 426 ad

265 445 531 493 salvandum,
565 450 607 483 et
641 445 774 496 ipsam
807 458 894 483 rem
927 445 969 484 in
1002 446 1269 496 naufragium
1302 446 1367 484 vel
1402 446 1443 484 in
1476 446 1681 485 damnum

262 504 423 556 posuit,
462 504 532 542 sed
571 504 649 555 ipsi
686 504 743 542 illi
780 504 829 542 de
868 509 1085 555 praesente
1124 505 1324 543 adstabat
1361 510 1403 543 et
1440 504 1518 543 hac
1555 510 1682 544 causa

263 563 504 602 nullatenus
542 562 683 613 potuit
720 563 938 613 denegare,
978 563 1049 601 sed
1088 563 1229 601 taliter
1267 563 1303 602 ei
1341 564 1421 602 fuit
1457 564 1681 615 professus,

265 627 369 673 quot
390 622 524 672 ipsam
547 634 633 659 rem
656 621 845 672 superius
867 621 1186 660 denominatam
1207 635 1279 673 per
1301 635 1422 661 suum
1444 623 1682 674 neglectum

264 686 306 719 et
335 694 406 731 per
438 693 510 719 suo
543 680 704 718 facinus
735 680 816 718 fuit
846 680 1025 731 perduta
1056 680 1121 718 vel
1152 686 1348 719 naurata.
1395 682 1512 720 Tunc
1542 682 1682 721 taliter

264 739 301 778 ei
326 739 633 787 iudicaverunt,
662 744 710 777 ut
735 739 869 790 ipsam
894 752 981 777 rem
1006 739 1042 777 ei
1067 739 1344 778 transsolvere
1371 740 1436 778 vel
1461 741 1682 780 emendare

265 798 456 846 deberet3
494 798 564 836 sed
601 797 679 848 ipsi
714 797 772 836 illi
806 797 1047 837 nullatenus
1082 797 1245 846 habuit,
1282 799 1391 837 unde
1428 799 1560 850 ipsam
1595 812 1683 838 rem

266 857 544 896 transsolvere
590 857 655 895 vel
699 857 920 895 emendare
966 857 1149 896 deberet.
1213 857 1293 896 Sed
1338 857 1477 896 taliter
1521 858 1557 897 ei
1601 859 1684 897 fuit

267 916 514 963 iudicatum,
538 920 587 954 ut
611 916 694 954 tale
718 916 915 954 caucione
938 916 987 955 de
1012 922 1140 967 caput
1173 929 1309 965 suum,
1344 929 1474 955 manu
1510 929 1584 956 sua
1618 918 1684 956 vel

266 976 471 1014 bonorum
494 974 712 1013 hominum
734 975 919 1023 firmata,
941 975 977 1013 ei
1000 975 1090 1013 fieri
1111 975 1176 1014 vel
1198 976 1455 1014 conscribere
1476 981 1683 1026 rogasset,

268 1034 379 1086 quod
408 1034 467 1073 ita
495 1039 537 1072 et
566 1034 683 1073 fecit:
713 1039 776 1083 ut,
806 1034 906 1073 dum
936 1034 1070 1085 ipsam
1098 1048 1185 1073 rem
1214 1048 1297 1073 non
1326 1034 1456 1073 habui
1482 1035 1683 1086 precium,

266 1094 378 1132 unde
416 1093 695 1132 transsolvere
732 1093 797 1131 vel
835 1094 1055 1132 emendare
1094 1093 1344 1142 debuissem,
1381 1099 1442 1142 ut,
1481 1094 1684 1145 quamdiu

266 1152 481 1201 advivam,
514 1152 555 1191 in
588 1152 761 1191 servicio
794 1152 976 1203 publico,
1011 1165 1135 1204 quem
1167 1152 1269 1191 mihi
1301 1153 1532 1203 iniungitis,
1565 1153 1686 1192 vobis

267 1212 474 1251 deservire
494 1211 684 1260 debeam,
704 1216 746 1250 et
765 1211 797 1249 si
815 1211 1052 1262 neglectens
1071 1217 1146 1250 aut
1164 1212 1311 1250 tardus
1330 1212 1379 1251 de
1403 1212 1492 1263 ipso
1512 1212 1684 1251 servicio
1719 1238 1722 1241 -

267 1283 480 1322 aparoero,
505 1271 809 1322 qualecumque
832 1270 1053 1322 disciplina
1075 1270 1175 1309 alios
1198 1284 1338 1309 servos
1360 1276 1456 1310 tuos
1478 1271 1684 1323 inpendis,

266 1330 393 1369 talem
433 1343 555 1381 super
594 1343 658 1368 me
697 1335 960 1381 potestatem
998 1329 1154 1369 habeas
1193 1330 1245 1369 ad
1285 1330 1536 1369 faciendum.
1594 1330 1687 1369 Etsi

266 1389 392 1428 fuerit
424 1394 498 1428 aut
530 1402 604 1440 ego
638 1389 717 1440 ipsi
749 1395 824 1428 aut
857 1389 969 1428 ullus
1003 1389 1052 1428 de
1085 1389 1187 1428 meis
1219 1389 1402 1438 heredes,
1437 1389 1507 1441 qui
1540 1394 1686 1429 contra

266 1448 374 1487 hanc
402 1448 641 1487 cautionem
671 1448 796 1487 istam
826 1448 967 1487 venire
997 1453 1074 1487 aut
1101 1448 1325 1487 reclamare
1347 1480 1354 1487 .
1377 1480 1384 1487 .
1407 1480 1414 1487 .

266 1508 310 1547 F.
342 1507 498 1547 Salicae
526 1507 815 1557 Bignonianac
846 1507 904 1554 (Z.
938 1507 978 1547 S.
1004 1507 1095 1556 233,
1124 1521 1165 1546 n.
1197 1508 1276 1557 14).
1309 1521 1344 1547 a.
1374 1508 1602 1547 769-775.

769 1661 835 1700 62.
872 1662 1018 1701 Jecta*
1050 1666 1180 1700 carta.

352 1732 463 1771 Dum
493 1732 723 1783 plurimum
753 1737 1016 1783 compertum
1046 1737 1122 1780 est,
1153 1731 1331 1783 qualiter
1362 1731 1531 1770 veniens
1561 1731 1686 1770 homo

269 1791 433 1843 aliquus
463 1791 632 1830 nomine
664 1791 729 1830 ille
761 1796 860 1830 ante
892 1791 1009 1830 illum
1040 1791 1241 1829 vicarium
1273 1791 1338 1829 vel
1369 1790 1537 1841 reliquis
1567 1790 1687 1829 bonis

268 1850 458 1889 homines
510 1850 835 1900 racineburgis*,
889 1850 960 1901 qui
1011 1850 1165 1889 ibidem
1207 1850 1397 1898 aderant,
1450 1850 1490 1888 in
1543 1862 1686 1889 eorum

268 1909 479 1960 presentia
500 1909 668 1948 homine
691 1909 830 1961 aliquo
851 1909 1019 1948 nomine
1040 1909 1109 1948 illo
1130 1909 1244 1948 visus
1266 1909 1346 1948 fuit
1366 1908 1685 1960 interpellasset.

276 1969 513 2020 Repetebat
550 1969 602 2007 ad
640 1981 749 2017 eum,
787 1968 887 2007 dum
923 1968 1093 2017 diceret,
1130 1981 1176 2007 eo
1213 1968 1325 2019 quod
1362 1980 1528 2007 servum
1565 1980 1686 2006 suum

271 2028 438 2066 nomine
483 2028 600 2066 illum
644 2028 751 2066 male
795 2028 939 2066 ordine
982 2027 1332 2075 recontendebatq
1378 2027 1448 2066 sed
1492 2027 1577 2078 ipse
1621 2026 1686 2065 ille

269 2099 436 2138 presens
465 2087 625 2126 aderat.
673 2087 987 2137 Interrogatum
1018 2087 1099 2125 fuit
1127 2086 1179 2125 ab
1210 2086 1308 2137 ipsis
1337 2086 1449 2134 viris,
1481 2086 1579 2137 quid
1609 2085 1688 2124 sibi

268 2146 319 2184 de
350 2145 428 2184 hac
458 2159 584 2185 causa
613 2146 748 2185 dicere
778 2146 975 2194 vellebat,
1004 2158 1077 2197 per
1107 2158 1230 2196 quem
1261 2145 1339 2184 sibi
1367 2145 1417 2183 de
1449 2145 1538 2196 ipso
1568 2156 1687 2183 servo

270 2205 446 2243 saciret*
481 2210 556 2244 aut
589 2205 760 2244 inantea
795 2205 923 2243 sacire
957 2204 1159 2252 vellebat3
1196 2205 1265 2243 sed
1301 2204 1386 2255 ipse
1420 2204 1462 2243 in
1495 2208 1686 2255 presente

271 2264 410 2302 taliter
435 2264 553 2303 dedit
576 2264 617 2303 in
640 2264 863 2315 responsis,
889 2264 1001 2315 quod
1026 2268 1123 2302 ante
1148 2263 1223 2301 hos
1247 2276 1379 2302 annos
1402 2263 1564 2314 genitor
1588 2274 1687 2301 suus

270 2323 437 2361 nomine
479 2323 547 2361 illo
589 2324 726 2374 ipsum
767 2336 934 2362 servum
975 2335 1069 2361 eum
1111 2322 1373 2371 dimisissetl,
1415 2327 1457 2361 et
1497 2334 1568 2373 per
1609 2320 1688 2360 hoc

270 2382 320 2421 de
344 2382 433 2433 ipso
458 2394 577 2421 servo
602 2383 689 2433 ipse
714 2382 876 2421 sacibat
899 2382 964 2420 vel
988 2382 1158 2420 inantea
1184 2381 1311 2420 sacire
1336 2380 1532 2419 vellebat.
1575 2380 1687 2419 Dum

270 2440 410 2479 taliter
445 2441 596 2491 agitur,
632 2441 866 2480 iudicatum
903 2441 983 2479 fuit
1016 2441 1206 2492 predicto
1241 2440 1323 2489 illo,
1358 2445 1406 2479 ut
1439 2440 1551 2491 apud
1586 2440 1687 2478 duo-

373 2542 385 2562 1
414 2541 602 2584 dimisset‚
632 2555 659 2577 c.
