1895 2990
241 420 262 453 σι

216 799 264 831 10

215 1390 261 1423 20

215 1983 262 2016 30

910 137 1093 176 -6-

296 239 398 278 haec
427 245 573 279 contra
603 241 788 292 parentis
818 254 934 281 meus
965 243 1029 281 vel
1059 248 1208 283 contra
1238 243 1451 284 cuiuslibit
1489 245 1706 286 hominurn

297 299 479 338 accidere
513 300 577 338 vel
609 300 836 339 admallare
868 313 938 340 seu
970 302 1184 341 adliticare
1218 303 1401 352 faciatis3
1435 308 1476 342 et
1509 305 1702 357 quicquid

296 358 444 397 exinde
475 358 527 397 ad
558 358 691 397 vicem
720 364 908 398 nostram
938 361 1079 410 egeris,
1110 361 1254 400 feceris
1283 362 1521 412 gesserisve,
1552 364 1705 403 etenim

297 429 362 455 me
394 416 607 457 abiturum
638 430 724 456 esse
756 430 982 468 cognuscas
1013 425 1167 459 ratum.
1542 469 1549 472 -

379 475 570 515 Iuratum
595 477 846 519 mandatum
871 478 1108 517 Andecavis
1134 478 1330 528 civetate,
1357 480 1470 520 curia
1496 481 1705 532 puplica.“

794 608 847 654 (c)
881 606 1034 658 Incipit
1064 607 1208 647 cessio.

376 675 656 724 „Dulcissima
676 681 718 714 et
739 689 833 715 cum
854 676 1015 727 integra
1036 690 1176 716 amore
1197 678 1407 729 diligenda
1427 693 1579 732 sponsa
1600 694 1705 726 mea,

295 734 380 773 filia
410 734 531 783 illius,
560 747 713 774 nomen
742 735 826 783 illa,
855 747 929 785 ego
959 735 1029 774 illi.
1076 737 1131 775 Et
1161 750 1256 788 qua,
1286 739 1471 789 propicio
1503 741 1705 789 Domeno,

297 793 415 832 iuxta
438 794 783 832 consuetudinem
807 807 891 833 una
913 807 1007 833 cum
1031 795 1266 835 volumtate
1289 803 1513 848 parentum
1537 804 1705 838 tuorum

294 852 509 903 spunsavi,
540 852 712 903 proinde
742 852 834 892 cido
864 853 942 892 tibi
970 854 1020 893 de
1048 867 1135 893 rem
1164 856 1427 907 paupertatis
1456 870 1587 906 meae,
1618 863 1706 897 tam

293 924 367 962 pro
404 911 676 962 sponsaliciae
715 925 842 963 quam
879 925 953 963 pro
989 913 1183 963 largitate
1222 915 1356 963 tuael,
1396 915 1472 954 hae
1510 921 1574 955 est
1609 929 1706 956 casa

293 982 388 1009 cum
415 975 531 1009 curte
559 970 864 1019 circumcincte‚
892 971 1044 1011 mobile
1071 978 1113 1011 et
1140 973 1350 1022 inmobile,
1380 974 1537 1023 vineas,
1565 975 1705 1024 silvas,

293 1034 450 1080 pratas,
483 1042 673 1080 pascuas,
707 1043 839 1081 aquas
871 1043 1157 1082 aquarumvae
1190 1032 1446 1082 decursibus,
1480 1034 1634 1073 iunctis
1665 1040 1707 1074 et

293 1088 543 1137 subiunctis,
564 1094 606 1127 et
625 1089 666 1128 in
685 1090 826 1128 omnia
844 1090 1031 1141 superius
1050 1091 1281 1140 nominata,
1302 1092 1541 1132 dulcissima
1554 1105 1705 1144 sponsa

292 1160 399 1195 mea,
435 1148 488 1186 ad
515 1148 607 1187 diae
641 1148 867 1187 filicissimo
901 1149 1150 1200 nupciarum
1184 1150 1261 1189 tibi
1295 1164 1365 1202 per
1390 1151 1498 1190 hanc
1522 1152 1705 1192 cessione

290 1205 422 1245 dileco
450 1206 586 1258 adque
606 1208 871 1256 transfundo,
895 1213 943 1247 ut
961 1208 1002 1247 in
1021 1214 1117 1248 tuae
1137 1209 1222 1248 iure
1239 1209 1316 1249 hoc
1336 1223 1525 1262 recepere
1549 1211 1705 1251 debias.

291 1265 392 1304 Cido
439 1265 515 1304 tibi
560 1266 711 1305 bracile
758 1267 923 1306 valente
957 1268 1106 1307 soledis
1138 1273 1297 1317 tantus,
1339 1274 1509 1308 tonecas
1549 1275 1705 1313 tantas,

290 1324 461 1363 lectario
502 1325 554 1364 ad
595 1326 702 1364 lecto
743 1326 897 1365 vestito
938 1327 1108 1366 valento
1148 1327 1297 1367 soledis
1339 1334 1497 1377 tantus,
1542 1329 1705 1368 inaures

295 1396 440 1422 aureas
486 1384 652 1423 valente
697 1385 861 1424 soledus
907 1385 1051 1435 tantis,
1098 1387 1274 1426 annolus
1319 1388 1514 1427 valentus
1542 1388 1707 1427 soledus

296 1447 454 1482 tantus
497 1443 598 1482 Cido
625 1443 703 1483 tibi
728 1444 914 1483 caballus
940 1458 1034 1483 cum
1061 1446 1261 1485 sambuca
1287 1451 1329 1485 et
1355 1447 1495 1486 omnia
1521 1452 1708 1487 stratura

292 1514 381 1550 sua,
407 1502 535 1541 boves
554 1508 715 1551 tantus,
734 1516 883 1542 vaccas
903 1516 996 1543 cum
1016 1510 1237 1555 sequentes
1256 1510 1412 1553 tantas,
1432 1506 1521 1545 ovis
1548 1511 1706 1552 tantus,

292 1561 403 1599 sodis
436 1561 581 1600 tantis.
633 1562 747 1601 Haec
779 1563 921 1602 omnia
954 1563 1190 1615 subscripta
1222 1577 1307 1603 rem
1342 1564 1379 1603 in
1417 1570 1513 1605 tuae
1547 1566 1633 1605 iure
1666 1570 1707 1604 et

291 1619 583 1659 dominacione
606 1620 685 1660 hoc
702 1621 881 1673 recipere
900 1622 1057 1671 debias,
1082 1623 1147 1661 vel
1170 1623 1345 1675 posteris
1364 1624 1486 1673 suis2,
1511 1624 1579 1674 [si]
1599 1624 1706 1663 inter

293 1692 371 1717 nus
396 1680 602 1730 procreati
626 1681 809 1729 fuerunt,
835 1681 1175 1733 derelinquentis,
1201 1682 1307 1721 salvi
1324 1682 1409 1721 iure
1429 1683 1565 1722 sancti
1583 1683 1705 1731 illius,

293 1738 409 1777 cuius
433 1744 538 1777 terre
562 1752 647 1778 esse
672 1740 852 1779 videtur.
895 1740 950 1779 Et
973 1741 1040 1790 [si]
1066 1741 1194 1780 fuerit
1217 1742 1479 1793 ullumquam
1504 1748 1705 1793 tempore,

293 1797 363 1848 qui
395 1803 540 1837 contra
564 1798 673 1838 hanc
697 1799 878 1838 cessione
902 1800 996 1848 ista,
1032 1813 1156 1851 quem
1180 1813 1254 1851 ego
1279 1801 1320 1840 in
1344 1806 1383 1840 te
1408 1801 1522 1840 bona
1545 1802 1706 1839 volum-

292 1860 380 1895 tate
405 1857 660 1897 conscribere
683 1858 841 1909 rogavi,
866 1864 941 1898 aut
964 1872 1037 1909 ego
1062 1859 1153 1911 ipsi,
1178 1865 1253 1899 aut
1276 1860 1383 1899 ullus
1407 1860 1457 1899 de
1481 1860 1703 1899 heredibus

292 1915 392 1954 meis
421 1917 485 1955 vel
516 1917 761 1968 propinquis
789 1917 905 1966 meis,
935 1923 1011 1957 aut
1040 1918 1228 1969 qualibet
1255 1918 1380 1957 homo
1410 1919 1475 1958 vel
1504 1925 1707 1959 extranea

294 1979 369 2013 aut
398 1976 547 2015 emissa
578 1989 767 2027 persona,
798 1977 938 2016 venire
970 1977 1161 2026 voluerit,
1193 1983 1267 2017 aut
1297 1990 1415 2028 agere
1438 1978 1502 2017 vel
1531 1978 1706 2030 repetire

293 2035 604 2086 presumpserit,
632 2040 729 2074 ante
757 2035 827 2074 lite
855 2036 1061 2087 ingressus
1083 2037 1230 2088 duplet
1257 2036 1334 2076 tibi
1360 2042 1530 2076 tantum
1557 2043 1599 2076 et
1625 2037 1705 2077 alio

294 2097 476 2142 tantum,
520 2099 729 2145 quantum
772 2095 900 2133 cessio
945 2095 1024 2134 ista
1066 2096 1269 2145 contenit,
1312 2101 1387 2135 aut
1428 2109 1475 2135 eo
1519 2101 1705 2148 tempore

294 2151 513 2192 meliorata
544 2153 763 2202 volueritss,
797 2159 839 2193 et
870 2154 1122 2205 repeticione
1155 2168 1229 2194 sua
1261 2168 1344 2194 non
1369 2156 1561 2207 opteniat
1584 2155 1705 2194 effec-

294 2214 398 2259 tum,
429 2217 471 2250 et
494 2211 595 2251 haec
625 2212 753 2251 cessio
784 2212 865 2252 ista
884 2214 1021 2264 adque
1053 2214 1262 2253 volomtas
1292 2219 1436 2253 nostra
1460 2214 1573 2253 omni
1603 2219 1705 2253 tem-

249 2290 253 2291 ⁷
296 2282 393 2320 pore
427 2271 547 2310 firma
580 2272 866 2323 permaneat.“

378 2329 478 2368 Post
514 2329 616 2369 haec
653 2331 767 2370 curia
804 2331 882 2370 ait:
924 2331 1004 2380 „Se
1043 2331 1180 2371 adhuc
1217 2332 1375 2383 aliquid
1413 2332 1502 2371 abis
1539 2345 1589 2370 ex
1628 2331 1704 2370 hac

293 2399 418 2427 causa
443 2394 518 2427 aut
543 2402 661 2440 agere
689 2390 845 2438 debias,
872 2390 1002 2429 dicitu
1030 2390 1070 2429 in
1096 2392 1331 2442 presente.“
1376 2391 1439 2430 Illi
1464 2395 1705 2442 prosecutor

293 2446 419 2486 dixit:
463 2448 665 2496 „Gracias
704 2461 823 2500 agere
863 2449 1152 2499 magnitudine
1193 2455 1371 2498 vestrae,
1412 2450 1523 2501 quod
1562 2450 1704 2489 dotem

361 2507 469 2554 ήῖὲῖΐ.
502 2508 729 2564 sponsalitia
757 2520 936 2564 largitate
963 2520 1106 2555 donare.
1135 2521 1172 2556 Z.
1206 2532 1241 2566 p.
1274 2523 1358 2564 581,
1388 2523 1447 2563 26,
1475 2521 1706 2565 sponsalicia

292 2570 463 2615 largitas,
496 2572 534 2607 Z.
568 2574 652 2615 582,
683 2576 741 2608 21.
772 2593 820 2598 —
848 2574 862 2594 2
893 2574 959 2608 lies
989 2574 1075 2609 tuis.
1108 2594 1157 2598 —-
1185 2575 1200 2596 ³
1231 2574 1297 2608 lies
1327 2574 1503 2609 valuerit.
