1895 2990
245 500 266 533 5

214 796 260 827 10

215 1089 264 1123 15

214 1386 260 1419 20

214 1681 260 1715 25

214 2060 260 2094 30

215 2365 262 2401 35

890 144 1110 183 -28—

761 250 825 289 39.
860 250 937 289 Hic
967 256 1030 289 est
1060 250 1245 289 traditiO.

384 320 536 358 Rerum
591 320 778 359 omnium
834 321 1132 372 seripturarum
1188 320 1362 359 traditio
1417 320 1709 372 subsequatur.

305 378 440 429 Quam
469 379 521 417 ob
548 392 635 417 rem
663 392 737 429 ego
766 379 806 418 in
837 379 913 418 Dei
940 380 1106 418 nomine
1134 380 1214 427 ille,
1243 380 1354 418 filius
1382 379 1489 418 illius
1517 380 1709 419 condam.

300 437 411 476 Dum
451 451 535 477 non
576 443 639 476 est
679 438 954 488 incognitum,
996 439 1066 477 sed
1106 439 1218 490 apud
1259 439 1396 490 plures
1435 444 1584 477 notum
1624 451 1710 478 esse

300 497 496 545 cernitur,
527 497 705 548 qualiter
734 509 807 547 ego
837 497 977 548 aliqua
1006 497 1161 536 femina
1190 503 1265 536 aut
1292 498 1443 549 puella,
1474 497 1560 536 filia
1589 497 1710 546 illius,

297 555 457 605 legibus
487 568 580 594 eam
612 555 824 606 sponsavi,
856 561 897 594 et
927 556 977 594 de
1007 556 1130 594 rebus
1161 557 1276 605 meis,
1309 557 1379 608 qui
1410 562 1507 596 sunt
1538 556 1639 595 sitas
1669 557 1713 595 in'

296 627 425 665 pagos
442 614 546 661 illos,
564 614 600 652 ei
617 614 775 665 aliquid
792 627 863 665 per
881 620 996 653 carta
1014 614 1254 654 donationis
1270 621 1367 654 ante
1385 616 1448 654 die
1466 615 1711 667 nuptiarum

298 673 547 711 confirmavi
577 678 619 711 et
644 672 851 711 habendi1
881 678 923 711 et
952 686 1024 724 per
1050 673 1158 712 hanc
1185 674 1357 712 titulum
1385 675 1623 713 traditionis
1645 675 1711 713 vel

296 745 368 783 per
398 745 517 770 servo
546 745 638 770 meo
667 732 834 770 nomine
864 732 933 770 illo
962 737 1003 770 et
1031 745 1103 783 per
1131 732 1315 771 hostium
1345 733 1394 771 de
1424 733 1533 784 ipsos
1561 734 1712 772 domus

298 796 340 829 et
368 790 541 841 cispitae
570 791 620 829 de
652 790 721 829 illa
751 795 861 829 terra
890 803 959 829 seu
990 791 1088 829 vitis
1116 791 1165 830 de
1195 791 1305 842 ipsas
1332 791 1476 830 vineas
1505 798 1547 831 et
1573 805 1711 831 ramos

296 850 346 888 de
390 850 480 888 illas
523 849 706 898 arboreS,
751 855 793 888 et
836 855 1226 901 quantumcumque
1269 850 1310 889 in
1355 850 1442 901 ipsa
1485 851 1711 890 donatione

297 908 500 957 eontinet,
536 908 576 947 id
611 913 710 947 sunt
743 913 831 947 tam
866 908 998 956 terris,
1034 909 1178 957 vineis,
1214 909 1358 960 pratis,
1385 909 1511 957 silvis,
1541 910 1710 959 exenis2,

296 967 526 1015 aiacentiis,
547 968 688 1006 omnia
707 973 749 1006 et
768 981 819 1006 ex
838 968 1033 1007 omnibus
1053 968 1160 1007 sicut
1179 968 1248 1007 illa
1267 968 1492 1007 donatione
1511 969 1711 1020 loquitur,

296 1027 361 1065 vel
382 1026 423 1065 in
444 1026 524 1065 ista
544 1026 771 1065 traditione
792 1027 994 1066 insertum
1014 1032 1090 1075 est,
1111 1027 1263 1066 dilecta
1276 1040 1428 1078 sponsa
1440 1040 1532 1066 mea
1544 1028 1711 1066 nomine

298 1085 367 1124 illa
392 1098 416 1124 a
440 1085 532 1124 diae
556 1091 748 1137 presente
773 1099 844 1137 per
868 1085 975 1125 hanc
1000 1086 1172 1125 titulum
1197 1086 1437 1125 traditionis
1461 1087 1514 1125 ad
1538 1087 1711 1125 missum

298 1150 419 1183 tuum
443 1145 610 1183 nomine
636 1145 752 1184 illum
776 1145 827 1184 de
852 1145 937 1184 iure
962 1158 1053 1184 meo
1078 1146 1155 1194 [in]
1180 1150 1254 1184 tua
1278 1146 1399 1184 trado
1423 1145 1711 1184 dominatione

297 1208 340 1242 et
372 1209 584 1255 potestate
616 1204 915 1255 perpetualiter
946 1205 999 1243 ad
1026 1204 1324 1255 possidendum
1356 1205 1420 1243 vel
1451 1205 1505 1243 ad
1533 1204 1711 1243 faciendi

296 1262 445 1301 exinde
477 1263 519 1302 in
549 1263 743 1302 omnibus
775 1263 860 1302 iure
892 1268 1095 1315 perpetuo
1126 1269 1253 1314 atque
1285 1263 1523 1302 firmissimo
1544 1263 1598 1302 ha
1619 1263 1711 1303 diae

296 1327 487 1373 presente
521 1322 586 1361 vel
620 1327 807 1373 tempore
843 1323 1042 1374 quicquid
1076 1322 1269 1371 volueris,
1303 1323 1512 1361 neminem
1546 1328 1711 1361 contra-

294 1381 518 1420 dicentem.
570 1381 613 1420 Si
644 1381 736 1432 quis
767 1394 880 1430 vero,
913 1382 1025 1432 quod
1057 1381 1147 1420 fieri
1176 1382 1374 1420 minimae
1406 1382 1542 1430 eredo,
1574 1381 1607 1420 si
1636 1394 1711 1432 ego

299 1440 413 1491 ipsae
449 1446 524 1479 aut
558 1441 667 1479 ullus
701 1441 751 1480 de
787 1440 1009 1480 heredibus
1043 1441 1145 1479 meis
1180 1441 1245 1479 vel
1281 1441 1477 1492 quislibet
1511 1446 1712 1480 extranea

298 1504 374 1538 aut
403 1499 598 1551 obposita
627 1512 817 1551 persona,
848 1500 919 1552 qui
947 1505 1094 1539 contra
1122 1499 1230 1539 hanc
1258 1500 1429 1539 titulum
1459 1499 1711 1548 traditionis,

299 1571 423 1609 quem
467 1571 541 1609 ego
584 1559 840 1598 conscribere
883 1559 948 1598 vel
990 1559 1213 1598 adfirmare
1254 1559 1412 1610 rogavi,
1454 1559 1594 1597 venire
1636 1563 1712 1598 aut

299 1617 440 1669 aliqua
471 1618 681 1657 calumnia
711 1631 904 1669 generare
936 1618 1260 1670 praesumpserit,
1294 1618 1359 1657 cui
1382 1618 1497 1657 litem
1522 1617 1712 1657 intulerit

295 1676 449 1716 solidos
476 1682 619 1716 tantos
646 1683 873 1729 conponat,
898 1682 941 1716 et
964 1690 1038 1716 sua
1060 1677 1254 1729 repetitio
1279 1677 1320 1716 in
1342 1677 1548 1729 nullisque
1576 1676 1712 1715 modis

297 1735 490 1775 obtineat
511 1736 726 1785 effectum,
753 1742 795 1775 et
820 1736 929 1775 hanc
952 1737 1124 1776 traditio
1157 1737 1237 1775 ista
1267 1736 1319 1775 ha
1352 1749 1416 1775 me
1449 1736 1577 1784 saeta,
1608 1735 1711 1774 meis

296 1795 362 1834 vel
389 1795 596 1834 bonorum
623 1795 843 1835 hominum
869 1796 1065 1835 manibus
1090 1796 1288 1835 roborata
1315 1808 1409 1834 cum
1437 1795 1710 1847 stipulatione

297 1854 476 1893 subnixa
507 1855 704 1906 omnique
735 1860 923 1906 tempore
954 1861 1125 1894 maneat
1154 1855 1412 1894 inconvulsa.

296 1913 340 1952 F.
372 1913 632 1953 Turonenses
665 1914 724 1961 (Z.
761 1914 801 1954 S.
838 1914 926 1962 164,
959 1928 1000 1953 n.
1033 1914 1089 1963 3).
1136 1914 1173 1953 9.
1204 1913 1306 1955 Jh.?

506 2055 570 2095 40.
603 2055 810 2107 Epistula,
843 2055 1020 2107 qualiter
1051 2055 1198 2107 pupilli
1227 2055 1496 2106 recipiantur.

378 2127 463 2165 Lex
495 2127 685 2165 Romana
713 2126 977 2177 constringit,
1006 2132 1067 2175 ut,
1097 2126 1168 2178 qui
1195 2131 1356 2165 tutores
1383 2125 1595 2164 noluerint
1622 2137 1707 2164 esse

297 2186 583 2236 parvulorum,
613 2186 647 2224 si
674 2186 781 2225 forte
812 2186 979 2225 cesserit
1006 2186 1198 2225 luctuosa
1222 2185 1445 2234 hereditas,
1475 2198 1525 2224 ex
1555 2183 1710 2235 ipsius³

296 2243 533 2283 habeantur
573 2245 774 2284 extranei.
833 2245 1083 2296 Propterea⁴²
1122 2257 1195 2295 ego
1236 2245 1277 2283 in
1320 2244 1396 2283 Dei
1434 2243 1600 2283 nomine
1641 2242 1707 2281 ille

297 2303 422 2342 iudex
446 2303 683 2355 provintiae
708 2304 831 2343 illius.
873 2304 984 2343 Dum
1009 2309 1052 2343 et
1075 2303 1270 2342 omnibus
1294 2303 1473 2342 habetur
1497 2302 1709 2354 percogni-

298 2367 404 2411 tum,
433 2363 612 2413 qualiter
639 2368 834 2414 parentes
861 2363 980 2402 istius
1007 2363 1210 2414 presentis
1237 2362 1418 2401 orfanuli
1444 2361 1611 2401 nomine
1639 2360 1708 2399 illo

297 2421 349 2460 ab
390 2421 469 2460 hac
507 2422 596 2461 luce
638 2422 917 2461 discesserunt
956 2427 998 2461 et
1038 2421 1404 2461 testamentarium
1446 2425 1629 2460 tutorem
1671 2419 1708 2458 ei

398 2528 411 2549 1
434 2528 611 2563 vielleicht
642 2528 797 2564 tradidi.
851 2548 889 2553 -
939 2528 953 2549 2
981 2529 1160 2563 vielleiclzt
1186 2530 1251 2574 fiir
1278 2528 1376 2564 exiis
1409 2528 1457 2562 im
1490 2527 1609 2561 Sirene
1640 2539 1707 2561 von

296 2581 434 2616 exitus
476 2602 514 2606 —
549 2581 563 2602 ³
583 2581 665 2626 ipsa
689 2592 709 2615 a
733 2584 768 2625 2,
791 2581 834 2617 Β.
857 2601 906 2606 --
927 2582 941 2602 ‘¹
963 2584 1139 2626 proterea
1161 2583 1193 2617 A
1217 2584 1249 2617 3.
