1836 2985
76 274 151 309 aut
187 269 295 309 ullus
331 268 531 308 heredum
568 267 634 307 vel
670 266 947 319 proheredum
984 278 1186 314 meorum,
1225 265 1296 316 qui
1333 271 1478 305 contra

75 328 261 368 literulas
296 326 643 367 concambitairas
678 338 702 364 a
736 338 801 364 me
838 325 971 364 factas
1006 324 1145 363 venire
1180 325 1479 376 presumpserit

76 392 152 426 aut
181 387 412 437 infrangere
434 384 627 433 voluerit,
659 384 843 423 sociante
874 383 988 431 fisco,
1020 383 1201 421 multum
1225 384 1477 433 conponat*,

76 446 117 485 id
148 450 211 485 est
241 445 330 484 auri
360 449 543 491 tantum,
574 442 736 493 argenti
765 447 934 481 tantum
966 446 1135 481 coactus
1165 441 1370 480 exsolvat.

76 504 120 543 T.
153 504 379 553 Augienses
413 502 472 549 (Z.
509 501 549 542 S.
581 501 814 550 361-362,
846 514 887 540 n.
920 500 1003 550 38).
1050 513 1087 539 a.
1110 500 1341 540 800—850.

508 631 570 670 72.
607 630 792 678 (Cartula
821 629 1059 678 libertatis).

192 702 254 740 Ill.
305 701 346 740 in
384 700 537 741 Christi
584 701 750 739 nomine
800 700 1017 752 episcopus
1067 700 1122 739 ill.
1172 700 1321 738 liberto
1371 711 1481 738 nunc

76 761 269 800 salutem.
321 760 529 811 Quoniam
560 759 747 810 quisquis
776 759 841 797 ille
870 764 1052 798 meretur
1082 771 1200 797 suam
1230 758 1271 797 in
1302 758 1480 797 Domino

76 819 285 871 percipere
322 819 521 870 palmam,
560 823 661 857 tunc
699 818 867 857 demum
905 830 929 857 a
967 817 1199 856 Divinitate
1238 817 1481 867 ingeruntur

76 877 271 917 desiderii
304 878 433 925 lucra,
469 882 517 916 ut
552 876 793 928 deprecanti
828 876 905 915 sibi
941 889 1045 928 quae
1083 876 1245 927 quaerit
1280 875 1480 923 inveniat,

75 941 118 975 et
160 936 230 975 alii
269 936 519 975 mobeantur
558 936 685 974 corda
726 935 919 974 famulati
959 935 1271 974 officiositatem
1313 934 1481 985 dignam

77 995 289 1047 impertire
326 995 517 1043 salutem,
553 999 602 1033 ut
635 994 840 1033 divinitus
875 999 1132 1045 compungat
1161 993 1339 1032 fortuitu
1369 1005 1481 1032 acce-

76 1054 201 1093 dente
228 1054 367 1102 corda,
395 1065 476 1104 quo
502 1058 544 1091 et
569 1053 689 1091 annis
715 1052 882 1091 senibus
908 1053 1015 1091 vires
1040 1057 1279 1103 augescant,
1306 1057 1347 1091 et
1372 1052 1483 1090 intra

77 1112 313 1151 clausuram
337 1112 470 1151 cordis
493 1111 710 1150 obstrusae
735 1111 882 1150 ianuae
907 1116 1164 1162 separentur.
1206 1111 1261 1150 Et
1285 1110 1482 1162 quoniam

76 1171 221 1210 divina
241 1175 465 1222 praecepta
485 1174 727 1218 sanxerunt,
749 1175 797 1209 ut
816 1170 1050 1222 plenissime
1072 1169 1288 1209 fidelitatis
1308 1174 1482 1217 statum,

77 1229 265 1268 abstersa
311 1229 583 1277 obscuritate,
631 1229 721 1280 apti
765 1229 934 1267 luminis
980 1228 1297 1268 faecundissime
1343 1228 1481 1267 lumen

77 1288 350 1336 conscendas;
396 1287 568 1339 proinde
599 1293 648 1327 ut
677 1287 729 1326 ab
766 1287 917 1338 angulo
962 1292 1129 1326 sanctae
1175 1287 1367 1326 ecclesiae
1412 1286 1483 1335 ill.‚

78 1347 149 1398 qui
170 1360 245 1386 nos
267 1346 510 1386 cathedram
533 1346 785 1398 apostolicae
808 1346 1037 1395 doctrinae,
1061 1346 1292 1398 imperante
1315 1345 1484 1385 domino

82 1406 183 1446 Jesu
209 1405 387 1454 Christo,
415 1405 621 1457 propitius
648 1405 770 1456 elegit
798 1405 1084 1453 conscendere,
1113 1405 1227 1444 omni
1252 1409 1353 1443 voto
1380 1404 1484 1443 inte-

78 1464 244 1515 gritatis
277 1463 355 1503 hoc
388 1464 612 1503 maluimus
646 1463 881 1512 hordinare,
915 1469 963 1503 ut
996 1469 1144 1503 exutos
1177 1476 1251 1503 vos
1285 1463 1337 1502 ab
1371 1462 1485 1502 omni
1516 1470 1523 1482 ⁶

78 1523 163 1562 fece
206 1523 470 1572 conditionis,
513 1523 554 1562 in
596 1523 835 1574 splendidae
877 1523 1148 1574 ingenuitatis
1190 1522 1484 1561 florentissimo

78 1594 202 1621 cursu
230 1594 306 1621 vos
334 1581 594 1633 cognoscatis
623 1582 746 1621 fuisse
777 1582 994 1632 ingressos,
1023 1594 1099 1621 nec
1126 1594 1314 1633 unquam
1343 1593 1363 1620 a
1395 1593 1484 1620 suc-

78 1640 309 1680 cessoribus
341 1640 508 1689 nostris,
544 1653 648 1692 quos
682 1639 887 1679 catholica
920 1640 1025 1680 fides
1058 1640 1306 1679 venerabilis
1339 1640 1484 1690 eligere

77 1704 121 1738 et
146 1711 389 1738 conservare
416 1699 577 1738 iuvebit
602 1699 791 1748 antistes,
818 1698 1068 1738 humilitatis
1093 1704 1259 1738 nostrae
1286 1698 1484 1750 praemia,

79 1770 186 1809 quae
215 1771 347 1810 prona
375 1758 568 1809 largitate
598 1757 717 1797 vobis
745 1758 954 1797 noscimur
984 1758 1220 1806 contulisse,
1250 1758 1484 1808 inrumpere

79 1816 358 1865 conabuntur,
398 1817 549 1869 quibus
586 1817 835 1868 repromissa
873 1817 1154 1856 misericordia
1192 1816 1275 1856 suis
1315 1816 1486 1856 caelitus

77 1881 266 1914 reservat
294 1875 566 1927 temporibus.
613 1876 721 1926 Ergo
750 1880 882 1914 estote
911 1875 964 1914 ab
993 1875 1071 1915 hac
1099 1875 1163 1915 die
1192 1875 1322 1923 liberi,
1351 1879 1485 1914 estote

79 1934 249 1984 ingenui
288 1934 480 1986 civesque
524 1935 703 1974 Romani
741 1940 797 1983 et,
838 1935 1024 1985 genetale
1064 1934 1174 1973 nube
1214 1935 1391 1982 detersa,
1432 1933 1486 1972 ad

80 1992 361 2044 splendidiora
380 1993 594 2045 pervenite
617 1993 816 2042 misteria,
840 2006 944 2045 quae
967 1993 1110 2032 divina
1132 1993 1309 2032 faciente
1331 1991 1486 2031 miseri-

80 2051 235 2101 cordia,
276 2051 395 2091 vobis
434 2052 667 2103 probantur
708 2052 830 2091 fuisse
872 2052 1049 2100 indulta,
1091 2052 1242 2103 quibus
1282 2056 1396 2103 opto,
1438 2056 1487 2090 ut

80 2114 169 2149 tam
203 2110 404 2149 fratribus
438 2123 564 2162 quam
599 2111 698 2150 filiis
744 2111 785 2150 in
819 2111 989 2150 auribus
1023 2116 1142 2161 grata
1176 2114 1484 2162 perpatescant.

80 2168 136 2208 Et
168 2174 217 2208 ut
249 2169 368 2208 vobis
400 2169 495 2209 aula
526 2169 797 2220 ingenuitatis
829 2169 1052 2208 fortissime
1084 2169 1316 2218 roboretur,
1348 2181 1485 2208 neces-

79 2227 237 2266 sarium
270 2227 390 2267 nobis
422 2233 498 2277 est,
531 2233 580 2267 ut
612 2228 794 2268 muneris
827 2233 1102 2280 prosequente
1135 2228 1329 2279 largitate
1363 2227 1486 2267 huius

78 2286 256 2337 paginae
278 2291 422 2326 textus
442 2287 484 2326 in
505 2287 698 2326 omnibus
718 2287 976 2339 suppleatur.
1015 2287 1093 2326 Pro
1116 2300 1198 2339 qua
1217 2300 1259 2326 re
1280 2287 1486 2326 donamus

79 2344 200 2383 vobis
232 2358 283 2384 ex
314 2345 537 2396 previlegio
570 2351 738 2385 sanctae
769 2346 963 2385 ecclesiae
995 2346 1067 2395 ill.,
1099 2346 1166 2385 cui
1199 2346 1285 2385 Deo
1317 2350 1485 2384 auctore

80 2403 352 2453 deservimus,
387 2403 465 2443 hoc
499 2409 542 2443 et
576 2404 677 2444 illud
712 2410 946 2456 cunctoque
982 2405 1142 2456 peculio
1178 2405 1243 2444 vel
1279 2404 1484 2456 peculiare

80 2466 234 2511 vestro,
257 2463 343 2502 sive
367 2463 479 2514 quod
501 2475 613 2502 nunc
633 2462 784 2502 habere
808 2464 1021 2513 videmini,
1045 2476 1114 2503 seu
1140 2464 1252 2515 quod
1275 2463 1316 2502 in
1339 2463 1484 2502 diebus

79 2520 193 2559 vitae
238 2526 405 2560 nostrae
451 2521 786 2573 profligaveritis,
832 2523 985 2571 omnia,
1031 2527 1080 2561 ut
1124 2522 1319 2571 diximus,
1366 2521 1484 2560 vobis

80 2579 367 2629 concedimus,
401 2580 512 2632 quod
546 2593 616 2632 per
649 2579 771 2619 huius
803 2581 1016 2620 confectae
1049 2581 1255 2620 libertatis
1286 2580 1483 2632 paginam

1375 2671 1413 2697 4*

1515 881 1562 913 ’10

1515 1173 1560 1207 15

1519 1761 1565 1795 25

1518 2057 1564 2090 30

1519 2349 1564 2384 35
