1895 2990
737 146 954 183 ,15-

461 251 525 290 21.
557 251 617 289 De
647 261 792 289 causas
823 248 991 288 alterius
1019 254 1227 300 receptas.

223 333 387 381 Fidelis,
433 333 519 371 Deo
554 330 753 383 propicio,
789 335 929 370 noster
964 330 1030 369 ille
1066 330 1118 370 ad
1153 335 1343 369 nostram
1378 330 1550 370 veniens

142 391 409 443 presentiam,
435 389 639 440 suggessit
664 389 799 437 nobis,
826 401 874 428 eo
901 389 1012 440 quod
1038 394 1208 440 propter
1235 388 1548 440 simplicitatem

143 463 260 489 suam
279 462 424 489 causas
441 461 536 487 suas
553 448 723 487 minime
740 447 874 499 possit
890 447 1155 499 prosequire1
1171 448 1238 486 vel
1256 447 1481 487 obmallare
1492 449 1550 486 2*.

142 508 395 548 Clemenciae
428 507 543 557 regni
575 506 709 546 nostri
741 506 877 558 petiit,
911 511 961 545 ut
994 505 1181 545 inlustris
1214 505 1278 544 vir
1312 506 1371 545 illi
1405 519 1548 546 omnes

143 579 287 607 causas
314 578 409 605 suas
436 565 479 605 in
506 565 641 604 vicem
669 565 811 617 ipsius,
840 570 930 604 tam
959 565 1001 604 in
1029 577 1137 617 pago
1166 577 1293 616 quam
1321 564 1364 604 in
1390 564 1549 616 palatio

141 631 298 673 nostro,
323 625 376 664 ad
400 624 685 663 mallandum*
711 624 776 663 vel
800 624 1140 676 prosequendum
1163 623 1343 675 recipere
1368 623 1549 672 deberit3

144 684 277 735 quod³
302 683 345 722 in
368 688 558 734 presente
584 696 655 734 per
680 683 833 722 fistuca
857 695 926 722 eas
951 683 1086 722 eidem
1110 682 1225 722 visus
1250 687 1313 721 est
1339 695 1549 721 commen-

142 743 273 782 dasse.
312 742 538 793 Propterea
560 741 760 789 iobemus,
783 747 845 790 ut,
868 742 969 781 dum
991 741 1132 780 taliter
1153 741 1341 793 utrisque
1363 740 1550 780 decrevit

142 800 352 849 volontas,
382 806 638 840 memoratus
668 800 731 838 vir
762 800 826 839 ille
858 813 1002 839 omnes
1032 813 1178 839 causas
1207 800 1266 839 lui
1294 799 1547 852 ubicumque

141 859 406 911 prosequire4
427 859 493 898 vel
515 859 794 898 obmallare*5
816 859 982 907 debeat,
1006 864 1049 898 et
1070 859 1293 910 unicuique
1316 871 1390 910 pro
1414 859 1551 910 ipsum

142 918 207 957 vel
240 918 434 957 omnibus
466 918 549 957 suis
581 918 631 957 de
662 918 869 969 reputatis
902 917 1240 957 condicionibus*
1273 922 1315 957 et
1347 917 1552 956 directum

142 977 271 1016 faciat
297 982 339 1016 et
365 977 417 1016 ab
445 976 534 1015 aliis
561 976 684 1015 simili
709 977 834 1015 modo
862 976 1085 1015 veritatem
1111 976 1298 1028 recipiat,
1327 976 1384 1015 sic
1411 981 1552 1015 tamen

144 1035 344 1086 quamdiu
373 1035 592 1074 amborum
621 1034 855 1074 decreverit
884 1034 1094 1074 volontas.

142 1106 187 1145 F.
217 1105 407 1145 Mareulfi
437 1106 495 1152 (Z.
529 1105 569 1145 S.
600 1105 664 1154 56,
696 1119 736 1144 n.
768 1105 851 1155 21).
903 1105 938 1144 7.
973 1104 1040 1146 Jh.

477 1293 540 1332 22.
571 1293 696 1332 Carta
726 1293 775 1332 de
806 1305 951 1332 causas
981 1305 1215 1344 suspensas.

148 1413 154 1417 .
225 1375 459 1426 Cognuscat
492 1375 740 1426 magnitudo
775 1388 842 1414 seo
877 1374 1041 1414 utilitas
1075 1380 1230 1424 vestra,
1265 1375 1366 1415 dum
1402 1380 1444 1415 et
1477 1387 1553 1414 nos

145 1434 198 1474 ad
216 1447 383 1485 presens
402 1434 631 1485 apostolico
651 1434 740 1473 viro
760 1434 843 1482 illo,
865 1440 935 1473 αιιτ
952 1434 1138 1473 inlustris
1158 1434 1261 1483 viro,
1281 1447 1356 1486 pro
1376 1434 1552 1474 nostris6

144 1492 400 1532 utilitatibus
442 1493 500 1532 ibi
542 1493 754 1532 ambulare
798 1492 1062 1544 precipimus,
1107 1493 1198 1532 ideo
1243 1493 1446 1542 iubemus,
1490 1498 1551 1541 ut,

144 1552 246 1591 dum
286 1551 365 1590 illis
402 1551 593 1603 partibus
631 1551 757 1591 fuerit
795 1552 1051 1600 demoratus,
1091 1564 1234 1591 omnes
1273 1565 1418 1592 causas
1456 1565 1552 1591 suas

145 1610 312 1661 suisque
337 1610 478 1649 amicis
503 1616 577 1650 aut
600 1610 796 1661 gasindis,
822 1623 893 1650 seu
917 1611 1208 1662 undecumque
1234 1611 1342 1662 ipse⁷
1366 1610 1551 1662 legitimo

143 1669 306 1708 redebit
347 1668 503 1717 mitioss,
552 1669 593 1708 in
627 1682 826 1721 suspenso
859 1669 1043 1709 debeant
1075 1670 1274 1709 resedere.
1326 1670 1552 1722 Propterea

145 1741 217 1779 per
263 1733 497 1779 presentem
541 1728 810 1768 decernemus
856 1741 904 1768 ac
950 1728 1138 1768 iobemus
1183 1734 1442 1781 preceptum,
1489 1734 1550 1777 ut,

145 1786 312 1825 interim
348 1787 458 1838 quod
493 1787 543 1826 de
579 1787 657 1826 illis
693 1787 884 1839 partibus
918 1791 1188 1836 revertetur⁹,
1226 1800 1370 1827 omnes
1406 1799 1552 1827 causas

146 1844 232 1884 eius
269 1850 344 1884 aut
381 1845 609 1885 amicorum
648 1858 832 1894 suorum,
872 1852 960 1885 tam
998 1845 1180 1895 illorum⁷
1220 1847 1291 1898 qui
1329 1859 1423 1886 curn
1463 1845 1552 1898 ipso

146 1908 332 1955 pergent,
377 1917 503 1956 quam
547 1905 618 1956 qui
661 1905 714 1944 ad
757 1904 946 1956 proprias
989 1917 1132 1944 eorum
1175 1905 1451 1954 resederintm,
1485 1905 1552 1944 vel

146 1962 435 2014 undecumque
474 1962 558 2015 ipse
596 1963 782 2015 legitimo
819 1963 1014 2003 redebit¹¹
1042 1963 1233 2012 mithio*,
1270 1963 1313 2003 in
1351 1976 1551 2016 suspenso

145 2021 377 2070 resedeant,
407 2026 451 2061 et
478 2027 625 2074 postea
654 2022 877 2074 unicuique
906 2035 981 2074 pro
1012 2022 1111 2074 ipsis
1139 2023 1190 2062 de
1219 2023 1427 2074 reputatis
1457 2035 1552 2062 con-

148 2079 430 2119 diccionibus*
457 2086 498 2119 et
524 2081 731 2121 iusticiam
766 2082 931 2130 reddat,
961 2086 1003 2120 et
1039 2082 1091 2121 ab
1129 2081 1218 2121 aliis
1255 2081 1387 2121 simile
1424 2082 1549 2121 modo

145 2138 324 2178 veritate
351 2139 567 2190 percipiat.

145 2208 191 2248 F.
220 2209 410 2248 Marcum
442 2209 502 2257 (Z.
534 2210 574 2250 s.
605 2211 669 2259 57,
699 2224 740 2250 n.
770 2211 852 2260 23).
902 2211 938 2250 7.
971 2210 1040 2252 Jh.

247 2350 262 2371 ¹
287 2360 516 2395 prosequere
543 2352 577 2386 A
604 2354 639 2394 2,
665 2353 699 2386 A
727 2354 762 2395 3,
790 2352 834 2387 B.
861 2372 912 2376 —
937 2352 951 2373 ²
978 2352 1187 2387 admallare
1214 2354 1247 2387 A
1276 2355 1315 2395 23
1342 2352 1552 2388 homallare

148 2403 182 2437 A
203 2404 236 2438 3.
257 2422 309 2428 —
326 2404 341 2425 ³
364 2403 467 2448 quod
488 2406 527 2438 et
548 2405 582 2438 A
604 2406 636 2439 3.
658 2424 708 2429 —
728 2405 742 2426 ⁴
762 2415 990 2450 prosequere
1011 2407 1046 2440 A
1067 2408 1100 2441 3.
1122 2425 1172 2430 —
1192 2405 1206 2427 ⁵
1227 2405 1436 2440 admallare
1457 2407 1491 2440 A
1512 2408 1552 2448 2;

148 2454 357 2491 homallare
386 2458 420 2491 A
450 2459 482 2491 3.
515 2477 552 2481 —
584 2456 598 2478 ⁶
618 2459 770 2492 nostras
788 2459 823 2493 A
843 2461 876 2493 3.
896 2478 946 2482 ——
966 2458 979 2479 ⁷
998 2458 1071 2503 ipsi
1090 2460 1124 2493 A
1145 2461 1177 2493 2.
1204 2478 1254 2483 —
1282 2460 1296 2480 ⁸
1314 2458 1442 2494 mittio
1463 2460 1497 2493 A
1517 2461 1551 2501 2,

149 2508 183 2542 A
203 2510 236 2543 3.
255 2528 304 2533 ——
324 2509 338 2529 ⁹
356 2509 564 2544 revertitur
581 2510 615 2544 A
633 2512 667 2552 2,
685 2511 719 2545 A
737 2513 772 2553 3,
791 2510 834 2546 B.
858 2531 907 2536 —
932 2508 964 2529 ¹⁰
980 2511 1158 2546 resedent
1175 2512 1208 2546 A
1228 2513 1262 2554 2,
1282 2511 1332 2554 B3
1350 2511 1553 2547 resedeant

148 2561 182 2596 A
201 2562 234 2596 3.
253 2580 302 2585 —
319 2561 352 2583 1¹
368 2562 545 2597 reddebit
573 2563 606 2597 A
636 2565 670 2597 2.

1587 806 1634 840 10

1592 1113 1633 1146 15

1587 1562 1634 1594 20

1587 1855 1632 1888 25

1588 2151 1633 2183 30
