1895 2990
739 147 952 186 -17-

143 252 253 304 cepis
263 253 290 300 1,
316 257 363 291 ut
385 251 487 291 mihi
511 251 670 291 codices
694 251 884 302 publicus
908 255 1049 302 patere
1074 250 1268 299 iubeatiS,
1293 251 1390 302 quia
1414 251 1547 291 habeo

143 311 316 362 aliquid,
348 324 426 362 que
456 309 581 361 gestis
610 322 857 361 prosequere
887 309 1105 348 debeam.“
1152 310 1223 348 Vir
1252 309 1453 349 honestus
1483 310 1547 349 ille

142 370 335 409 defensor
362 374 404 408 et
430 368 602 407 curiales
627 368 843 406 dixerunt:
873 368 1056 416 „Patent
1082 368 1161 407 tibi
1186 368 1346 407 codices
1371 368 1546 419 publici:

142 441 388 480 prosequere
409 440 488 478 que
508 426 644 474 obtaS,
674 426 832 465 edicere
852 439 937 465 non
956 426 1169 465 moreris.“
1206 427 1278 465 Vir
1298 426 1547 477 magnificus

142 491 383 539 prosecutor
410 485 475 524 ille
503 485 630 524 dixit:
661 485 946 533 „Venerabilis
973 484 1050 533 vir,
1079 492 1148 524 aut
1175 485 1347 524 inluster
1375 485 1451 534 vir,
1480 485 1545 524 ille

143 559 214 597 per
247 549 406 584 cartam
437 542 630 583 mandati
662 543 725 583 sui
756 543 859 582 mihi
891 543 1086 592 iniunxit,
1120 548 1169 583 ut
1201 543 1270 583 illa
1302 544 1546 592 donacione,

143 607 445 643 testamentum
468 609 538 641 aut
559 602 753 650 cessione,
774 603 885 653 quod
903 603 956 641 ad
979 602 1164 651 basilica,
1183 609 1252 642 aut
1272 602 1362 641 loco
1386 608 1545 651 sancto,

143 662 213 710 ill.,
241 668 310 700 αιιί
336 661 521 700 inlustris
548 660 637 700 viro
656 661 777 709 illius,
806 661 858 700 ad
876 674 1058 712 presens,
1087 668 1157 700 ant
1181 666 1279 713 post
1305 661 1546 709 discessum,

141 719 354 770 deligavit,
380 719 422 759 in
446 719 535 758 vice
560 733 648 768 sua,
673 725 722 758 ut
745 732 835 758 mos
859 725 936 768 est,
961 720 1087 770 gestis
1110 720 1434 772 municipalibus
1459 720 1548 772 ipsa

140 778 370 818 donacione
413 779 588 818 debeam
631 778 842 829 alligare.“
902 779 973 817 Vir
1016 778 1215 818 honestus
1258 779 1448 818 defensor
1492 779 1551 817 illi

140 837 267 877 dixit:
304 838 596 885 „Mandatum,
632 837 744 888 quod
779 837 818 876 in
854 842 895 876 te
931 837 1213 889 conscriptum
1247 837 1398 877 habere
1432 837 1546 886 dicis,

140 896 260 935 nobis
289 895 405 935 debis
435 896 650 935 ostendere
679 895 745 934 vel
774 896 816 935 in
844 901 1034 947 presente
1062 896 1278 935 recitare.“

604 990 787 1029 Textum
819 990 1085 1029 mandatum.

224 1061 404 1100 Domino
448 1060 673 1111 magnifico
717 1060 837 1099 fratri
880 1060 948 1099 1110
992 1060 1070 1099 ille.
1132 1061 1233 1099 Peto
1278 1066 1320 1100 et
1362 1060 1548 1112 subplico

141 1119 310 1159 caritati
337 1125 448 1167 tuae,
477 1124 526 1158 ut
552 1119 595 1158 in
622 1119 756 1157 vicem
784 1132 920 1158 meam
949 1119 1169 1170 epistolam
1197 1119 1452 1168 donacionis,
1481 1126 1550 1158 aut

141 1177 386 1217 testamenti
406 1191 476 1217 sen
498 1177 705 1226 cessioniS,
730 1178 842 1229 quod
865 1178 914 1217 de
936 1178 1058 1217 rebus
1081 1178 1182 1217 meis
1204 1178 1282 1217 illis
1304 1179 1356 1217 ad
1379 1178 1548 1217 basilica

140 1237 210 1276 illa
237 1250 310 1288 pro
338 1236 474 1276 anime
501 1249 590 1275 mee
617 1236 862 1285 remedium,
891 1244 961 1275 ant
987 1237 1172 1276 inlustris
1199 1237 1277 1275 viri
1304 1237 1425 1285 illius,
1452 1241 1548 1288 post

140 1295 367 1335 discessum
401 1308 555 1343 meum,
593 1296 649 1335 vel
682 1296 720 1335 si
754 1296 806 1334 ad
841 1308 1024 1347 presens,
1061 1296 1262 1346 delegavi,
1299 1296 1340 1335 in
1376 1296 1547 1335 civitate

141 1354 210 1393 illa
247 1354 410 1406 publice
448 1358 720 1406 prosequere2
757 1359 799 1393 et
836 1354 962 1405 gestis
999 1354 1335 1406 municipalibus,
1374 1360 1422 1394 ut
1459 1367 1549 1393 mos

139 1418 218 1461 est,
251 1426 343 1452 eam
373 1413 524 1452 debeas
554 1413 745 1464 allegare.
794 1413 1019 1464 Propterea
1050 1413 1128 1452 tibi
1158 1413 1268 1452 hunc
1298 1414 1548 1453 mandatum

140 1472 473 1520 conscribsimus,
512 1477 573 1520 ut,
613 1472 721 1511 sicut
759 1472 947 1523 superius
985 1472 1238 1521 continetur,
1278 1472 1417 1511 taliter
1456 1484 1548 1523 pro-

140 1542 308 1582 sequere
321 1536 364 1570 et
379 1530 543 1569 firmare
556 1531 727 1579 debeas,
742 1536 783 1570 et
797 1531 993 1582 quicquid
1007 1531 1155 1570 exinde
1169 1531 1296 1581 egeris
1310 1531 1547 1582 gesserisve,

138 1594 280 1628 ratum
307 1595 350 1628 et
379 1589 603 1628 definitum
631 1590 743 1641 apud
770 1602 846 1628 nos
873 1603 958 1629 esse
988 1602 1225 1640 cognoscas.

221 1648 399 1687 Factum
430 1649 680 1687 mandatum
713 1654 814 1687 tunc
845 1649 915 1697 ibi,
947 1661 1057 1688 anno
1089 1649 1171 1688 illo.

222 1707 323 1746 Post
349 1707 640 1747 recitationem
668 1707 918 1746 mandatum
947 1707 1009 1746 vir
1037 1707 1237 1747 honestus
1266 1708 1331 1747 1110
1359 1708 1549 1747 defensor

139 1765 266 1805 dixit:
298 1766 576 1814 „Mandatum
606 1766 774 1818 quidem
801 1766 1025 1805 recitatum
1054 1771 1135 1815 est:
1166 1767 1237 1805 sed
1266 1766 1548 1818 suprascribta

139 1824 382 1873 donatione,
413 1829 716 1864 testamentum
747 1832 815 1864 ant
845 1825 1039 1874 cessione,
1071 1838 1198 1877 quam
1227 1838 1324 1877 prae
1354 1825 1548 1864 manibus

139 1882 290 1922 habere
327 1883 443 1931 dicis,
480 1883 600 1922 nobis
637 1884 901 1935 presentibus
936 1884 1134 1923 recitetur
1171 1889 1226 1933 ct,
1263 1889 1312 1923 ut
1347 1884 1547 1935 postolas,

139 1941 266 1991 gestis
298 1942 474 1993 publicis
507 1943 740 1981 firmetur.“
798 1943 933 1994 Quam
967 1955 1064 1982 vero
1097 1943 1323 1982 donatione
1357 1943 1422 1981 ille
1455 1955 1547 1994 pro-

140 2000 294 2038 fessor*
322 2000 529 2040 recitavit.
576 2001 676 2040 Post
703 2001 993 2041 recitationem
1022 2014 1120 2040 vero
1149 2002 1212 2040 vir
1240 2001 1462 2041 laudabilis
1490 2001 1547 2040 illi

139 2059 330 2098 defensor
355 2064 398 2098 et
423 2060 586 2099 curialis
611 2060 830 2099 dixerunt:
860 2061 1093 2112 „Epistola,
1121 2064 1250 2112 quae3
1273 2060 1452 2100 recitata
1470 2064 1546 2108 est,

139 2117 266 2168 gestis
298 2117 474 2169 publicis
507 2119 727 2167 inseratur,
761 2124 803 2158 et
837 2120 948 2170 quod
982 2119 1047 2158 ille
1081 2124 1323 2171 prosecutor
1356 2119 1474 2158 vellit
1506 2123 1549 2158 et

139 2176 259 2227 petit,
288 2181 404 2227 gesta
420 2176 457 2215 ei
472 2177 635 2228 publice
652 2178 820 2217 datur.“
856 2178 928 2217 Ille
947 2183 1187 2230 prosecutor
1204 2178 1330 2217 dixit:
1351 2178 1549 2227 „Sufficit

138 2234 253 2283 mihi,
286 2235 392 2274 bone
424 2235 627 2285 defensor,
659 2241 708 2275 ut
738 2237 925 2285 donatio,
957 2250 1036 2288 que
1066 2237 1243 2276 recitata
1274 2242 1350 2285 est,
1383 2237 1416 2276 si
1445 2236 1550 2275 mihi

139 2298 255 2344 gesta
298 2294 460 2333 tradere
505 2294 725 2334 iubeatis.“
788 2296 860 2335 Ille
914 2296 1104 2335 defensor
1148 2296 1274 2335 dixit:
1320 2296 1406 2344 „Et
1449 2295 1546 2347 quia

139 2352 316 2403 epistola
349 2353 603 2400 donationis,
637 2361 706 2393 ααι
738 2354 932 2393 cessionis
963 2367 1033 2394 sen
1065 2355 1323 2403 testamenti,
1357 2359 1399 2393 et
1430 2367 1547 2393 man-

138 2410 287 2450 datum
311 2411 352 2450 in
377 2417 418 2450 te
443 2412 727 2452 conscribtum
752 2426 825 2464 per
849 2413 1037 2452 ordinem
1061 2413 1253 2453 conditas
1277 2418 1319 2452 et
1343 2413 1548 2452 bonorum

139 2468 356 2509 hominum
404 2470 598 2509 manibus
645 2471 864 2511 roboratas
913 2477 1040 2524 atque
1093 2472 1277 2523 signatas
1325 2472 1549 2511 manifesta

240 2569 253 2589 ¹
280 2570 478 2614 municeps
504 2572 537 2605 A
566 2573 598 2606 3.
627 2590 676 2595 —
702 2571 716 2592 ²
744 2581 895 2615 prosere.
923 2573 956 2607 A
985 2574 1016 2607 θ.
1046 2592 1094 2597 —
1119 2573 1134 2594 ³
1163 2572 1228 2616 qui
1256 2573 1288 2607 A
1316 2575 1348 2607 3.

1461 2658 1478 2684 10

217 2653 412 2687 Sammiung
434 2655 618 2688 vulgarlat.
640 2655 755 2682 Texte.
775 2656 805 2683 5.

1584 784 1629 816 10

1584 1123 1629 1156 15

1585 1418 1630 1450 20

1584 1710 1628 1744 25

1584 2006 1629 2039 30

1585 2300 1629 2334 35
