1836 2985
204 785 250 818 10

203 1375 249 1408 20

203 1776 248 1809 25

204 2072 249 2106 30

204 2367 249 2402 35

287 249 481 288 carradas
511 255 654 289 tantas
689 252 765 300 [et]
797 251 1006 302 mancipia
1037 252 1254 290 nominata
1297 256 1440 290 tantos
1481 257 1523 291 et
1565 251 1696 292 hobas

288 313 443 357 tantas,
473 321 567 348 cum
597 309 718 360 agris,
747 309 892 361 pratis,
923 310 1049 359 silvis,
1079 310 1258 362 pascuis,
1288 310 1407 361 aquis
1436 323 1694 362 aquarumve

286 367 541 416 decursibus,
562 373 611 406 ut
630 380 653 406 a
673 368 738 407 die
758 374 948 419 presente
968 368 1137 417 habeaS,
1158 374 1301 408 teneas
1321 374 1448 421 atque
1469 369 1695 421 possideas.

290 426 337 465 In
372 440 419 465 ea
454 426 649 466 videlicet
682 427 859 475 ratione,
894 433 956 476 ut,
993 428 1195 479 quamdiu
1230 428 1396 477 vixeris,
1433 428 1599 467 easdem
1633 441 1697 467 res

289 485 365 524 sub
409 485 721 525 usufructuario
766 485 941 534 habeas,
987 492 1083 537 post
1118 487 1282 526 obitum
1318 500 1416 526 vero
1453 492 1574 526 tuum
1610 487 1696 538 ipse

286 557 350 583 res
388 544 428 582 in
458 557 595 583 meam
624 549 891 583 revertantur
920 550 1178 596 potestatem
1207 546 1273 584 vel
1302 546 1355 585 ad
1384 558 1498 585 meos
1527 545 1697 585 heredes

286 603 507 653 legitimos,
537 603 571 641 si
597 616 662 642 me
692 603 984 654 supervixeris.
1032 603 1074 643 Si
1103 604 1194 654 quis
1223 617 1334 653 vero,
1366 605 1473 656 quod
1506 605 1697 644 futurum

286 674 371 700 esse
390 674 470 700 non
492 662 628 710 credo,
648 661 681 700 si
698 674 772 712 ego
792 662 876 713 ipse
896 667 971 701 aut
988 662 1096 701 ullus
1115 662 1314 701 heredum
1333 663 1398 702 vel
1411 664 1697 715 proximorum

287 733 474 759 meorum
505 720 615 759 hanc
642 720 916 759 donationem
946 720 1057 759 dotis
1087 721 1272 771 legaliter
1302 734 1323 760 a
1355 735 1420 761 me
1451 723 1607 762 factam
1638 722 1698 761 in-

284 779 459 829 fringere
495 779 689 828 voluerit,
725 779 778 818 ad
813 784 954 831 partes
989 779 1080 818 fisci
1113 780 1248 819 multa
1283 787 1522 832 componat,
1558 782 1599 821 id
1634 786 1698 820 est

286 837 376 877 auri
406 837 532 877 libras
564 843 748 887 tantum,
781 838 943 888 argenti
973 838 1099 877 libras
1132 843 1314 887 tantum,
1347 844 1390 878 et
1421 839 1587 891 insuper
1620 840 1697 879 tibi

286 897 398 936 aliud
416 902 602 946 tantum,
626 902 833 948 quantum
854 897 1021 949 repetit,
1044 903 1214 937 coactus
1235 898 1440 937 exsolvat.
1466 899 1579 937 Haec
1599 911 1697 938 vero

285 955 458 995 donatio
474 956 597 995 firma
612 961 654 995 et
669 956 830 995 stabilis
846 962 1091 1008 permaneat
1105 969 1199 995 cum
1215 957 1488 996 stibulacione
1504 957 1696 997 subnixa.

365 1015 521 1054 Actum
552 1015 593 1054 in
623 1015 722 1054 villa
752 1015 822 1054 illa
851 1028 960 1054 anno
991 1016 1204 1055 Ludowici
1233 1015 1497 1055 invictissimi
1524 1017 1630 1066 regis
1658 1017 1697 1065 3,

282 1086 443 1112 menses
478 1074 562 1123 illo,
597 1074 662 1113 die
703 1074 834 1123 Jovis,
870 1074 1097 1114 indictione
1132 1075 1169 1123 6,
1205 1088 1343 1114 coram
1379 1075 1530 1114 comite
1566 1075 1621 1114 ill.
1656 1080 1699 1114 et

287 1133 521 1184 frequentia
549 1133 707 1184 populi,
738 1133 917 1172 testibus
947 1147 1026 1185 que
1055 1134 1274 1173 subnotati
1302 1139 1413 1173 sunt.
1462 1134 1544 1185 Sig.
1576 1134 1697 1183 illius,

287 1192 358 1243 qui
386 1191 494 1231 hanc
522 1192 794 1231 donationem
824 1192 935 1232 dotis
964 1193 1055 1231 fieri
1082 1193 1261 1244 rogavit.
1310 1193 1436 1243 Signa
1466 1198 1698 1233 ceterorum

286 1251 472 1290 testium.
518 1251 606 1302 Ego
634 1251 777 1303 itaque
806 1251 871 1290 ille
899 1252 1048 1291 notavi
1075 1252 1185 1291 diem
1213 1257 1255 1291 et
1283 1265 1455 1301 annum,
1485 1252 1629 1304 scripsi
1656 1256 1698 1291 ct

286 1310 523 1361 subscripsi,
560 1310 738 1359 filiciter,
773 1323 908 1350 amen.

281 1369 325 1408 Τ.
358 1369 587 1419 Augienses
623 1370 684 1417 (Z.
721 1370 762 1410 S.
796 1370 888 1419 358,
921 1383 962 1410 n.
997 1370 1078 1419 25).
1126 1383 1163 1409 a.
1187 1370 1279 1410 843.

667 1524 730 1563 71.
762 1524 886 1563 Carta
918 1523 1280 1563 cumcambturia*
1291 1524 1318 1563 1.

369 1594 560 1633 Dominis
589 1594 791 1634 fratribus
821 1594 863 1633 in
893 1594 1093 1634 societate
1124 1594 1192 1633 illo
1222 1600 1264 1634 et
1294 1594 1375 1633 illo.
1425 1594 1491 1634 Sic
1520 1599 1562 1633 et
1592 1594 1699 1633 inter

285 1665 360 1692 nos
388 1653 645 1706 complacuit
670 1659 798 1705 atque
825 1654 1036 1702 convenit,
1064 1658 1112 1693 ut
1138 1654 1295 1705 aliquid
1322 1654 1371 1692 de
1397 1654 1521 1693 rebus
1546 1653 1700 1692 nostris

287 1712 327 1751 in
355 1713 601 1752 concambio
629 1713 877 1752 confirmare
903 1712 1190 1762 debuerimus3
1219 1713 1330 1764 quod
1357 1718 1399 1752 et
1426 1713 1485 1752 ita
1511 1712 1698 1761 fecimus,

283 1778 353 1810 ant
379 1772 570 1823 quicquid
593 1772 732 1822 suerit,
770 1772 1006 1824 accepimus
1033 1795 1087 1799 ——
1111 1772 1182 1811 hoc
1207 1779 1262 1812 est
1287 1779 1356 1811 aut
1383 1772 1606 1823 mancipia,
1633 1779 1700 1810 αιιε

285 1837 388 1869 terra
420 1854 474 1858 ——
507 1844 531 1870 a
566 1836 606 1870 te
642 1831 899 1883 mancipium
934 1830 1013 1870 hoc
1046 1831 1213 1870 nomine
1251 1830 1327 1879 ill.;
1363 1836 1405 1869 et
1439 1831 1536 1870 dedi
1571 1830 1699 1870 alium

285 1890 542 1941 mancipium
582 1890 623 1929 in
662 1890 907 1929 concambio
941 1890 1020 1929 isto
1052 1890 1219 1929 nomine
1250 1890 1306 1929 ill.
1338 1895 1559 1938 vocatum3
1599 1896 1633 1928 et
1663 1889 1701 1929 si

285 1955 388 1988 terra
415 1949 555 1999 fuerit:
587 1949 780 1988 dedimus
810 1949 889 1988 tibi
918 1954 1072 1988 terram
1104 1949 1227 1988 istam
1259 1949 1300 1988 in
1331 1948 1576 1988 concambio
1607 1954 1699 1987 tan-

286 2013 377 2047 tum
401 2014 444 2048 et
467 2013 637 2047 tantum
662 2008 703 2047 in
726 2008 816 2047 loco
840 2014 1126 2060 nuncupante,
1160 2008 1201 2047 in
1226 2008 1305 2047 sito
1330 2008 1413 2057 illo,
1436 2015 1504 2047 αιιῑ
1526 2008 1564 2046 in
1591 2020 1699 2059 pago

284 2067 372 2116 illo;
405 2072 449 2106 et
479 2068 717 2119 accepimus
748 2081 772 2107 a
803 2072 844 2107 te
876 2068 1001 2106 aliam
1033 2072 1187 2106 terram
1219 2067 1260 2106 in
1291 2067 1380 2106 loco
1411 2071 1698 2118 nuncupante,

286 2126 327 2165 in
361 2126 440 2165 sito
475 2126 558 2176 illo,
593 2133 659 2166 aaz
693 2127 734 2165 in
767 2139 874 2178 pago
908 2127 978 2175 ill.,
1003 2131 1172 2166 tantum
1199 2131 1241 2165 et
1266 2131 1449 2165 tantum.
1490 2125 1699 2177 Quicquid

285 2198 360 2235 ego
401 2185 479 2224 tibi
519 2186 628 2234 dedi,
670 2191 827 2235 teneas,
869 2185 1024 2225 habeas
1065 2190 1192 2237 atque
1234 2185 1446 2237 possideas
1486 2184 1698 2224 licentiam

286 2244 445 2295 absque
482 2244 564 2284 ulla
601 2245 864 2284 contradicto
900 2245 1010 2284 unde
1046 2250 1305 2283 commutare
1342 2257 1413 2283 seu
1449 2256 1523 2296 pro
1559 2243 1699 2282 anima

286 2303 464 2342 salutem
488 2304 658 2352 donare,
682 2309 730 2343 ut
752 2317 828 2343 nec
851 2316 925 2355 ego
948 2304 1034 2355 ipse
1058 2316 1133 2342 nec
1156 2303 1264 2342 ullus
1287 2303 1487 2342 heredum
1510 2314 1698 2341 meorum

284 2362 362 2401 tibi
391 2362 471 2401 hoc
500 2363 784 2402 contradicere
815 2376 891 2402 nec
920 2363 1109 2401 minuare
1139 2363 1286 2414 possit,
1319 2362 1518 2414 quicquid
1549 2361 1698 2400 exinde

286 2421 418 2460 facere
447 2422 640 2471 volueris,
668 2422 841 2462 liberam
870 2434 918 2461 ac
945 2421 1231 2461 firmissimam
1259 2421 1414 2460 habeas
1441 2425 1698 2472 potestatem

286 2480 478 2519 faciendi.
531 2481 574 2520 Si
607 2481 699 2533 quis
731 2493 844 2530 vero,
879 2481 990 2532 quod
1026 2481 1115 2520 fieri
1147 2493 1229 2520 non
1265 2480 1401 2529 credo,
1436 2479 1469 2518 si
1502 2492 1576 2530 ego
1612 2479 1698 2531 ipse

386 2582 398 2602 1
430 2559 671 2617 biessletzsoen
703 2584 723 2616 6
755 2581 1003 2616 Buchstaben
1034 2581 1261 2617 undeutlich
1291 2581 1342 2616 im
1371 2591 1402 2617 c.
