1895 2990
170 239 411 279 faciendum
445 252 520 279 nec
556 239 818 278 fideiussores
853 238 1085 277 tollendum
1119 250 1194 277 nec
1228 237 1416 277 homines
1452 238 1579 290 ipsius

170 299 365 338 ecclesiae
413 298 463 338 de
512 297 720 349 quaslibet
767 309 912 336 causas
960 296 1295 347 distringendum
1342 309 1417 336 nec
1464 297 1579 337 nulla

168 357 457 397 redibutionel
492 356 787 406 requirendum
825 355 980 394 ibidem
1017 355 1247 405 ingredire2
1284 367 1369 394 non
1406 355 1578 404 debeat3

170 417 280 456 unde
315 421 357 455 et
390 415 480 467 ipsa
512 413 779 465 preceptione
814 413 897 453 iam
931 413 1048 452 dictu
1082 413 1268 465 principe
1304 426 1371 452 seo
1406 419 1447 453 et
1483 426 1577 453 con-

170 474 420 513 firmationis
449 473 613 511 illorum
642 485 786 523 regum
816 485 959 511 eorum
988 472 1182 511 manibus
1211 472 1431 511 roboratas
1461 478 1577 512 ante-

168 533 306 572 dictus
335 531 526 583 pontifex
554 531 674 570 nobis
703 531 967 570 ostendedit3
995 531 1248 582 relegendas⁷
1279 536 1321 570 et
1344 531 1432 582 ipse
1454 531 1578 570 bene-

169 591 288 631 ficius
311 591 418 629 circa
440 590 586 629 eodem
608 590 675 629 vel
696 594 930 629 memorata
952 590 1123 629 ecclesia
1146 603 1234 637 sua,
1258 590 1365 629 sicut
1388 603 1412 629 a
1434 603 1578 641 supra-

168 649 290 690 dictis
321 648 578 700 principibus
610 649 691 688 fuit
722 649 947 696 indultum,
980 649 1179 688 moderno
1211 654 1399 700 tempore
1432 648 1579 688 asserit

169 721 254 748 esse
283 713 594 747 conservatum.
643 708 723 747 Sed
751 720 825 759 pro
854 707 1069 747 firmitatis
1098 707 1285 746 studium
1313 707 1437 759 petiit
1466 706 1578 746 celsi-

167 766 360 806 tudinem
382 766 610 815 nostram4,
633 771 682 806 ut
704 766 782 805 hoc
804 766 934 805 dinuo
957 766 1065 805 circa
1088 767 1235 805 eodem
1256 766 1322 805 vel
1344 771 1578 806 memorata

167 825 338 865 ecclesia
370 825 506 865 sancti
537 825 644 864 illius
675 830 820 864 nostra
853 825 1014 864 deberit
1047 825 1301 864 auctoritas⁵
1333 825 1577 876 generaliter

167 884 435 932 confirmare;
471 884 586 923 cuius
619 883 871 935 peticionem
904 896 979 935 pro
1012 884 1247 923 reverentia
1281 884 1410 935 ipsius
1443 883 1579 923 sancti

167 943 259 991 loci,
286 948 335 982 ut
360 955 591 982 mereamur
619 943 662 981 in
687 943 919 982 mercedem
947 942 1138 990 sociare⁶‚
1165 942 1405 994 plenissima
1431 943 1577 982 volun-

167 1006 256 1041 tate
288 1001 578 1053 praestetisse⁷
611 1001 677 1040 vel
701 1001 970 1040 confirmasse
995 1001 1246 1052 cognuscite.
1298 1001 1577 1053 Precipientes

167 1073 262 1111 ergo
299 1060 501 1107 iubemus,
535 1065 597 1107 ut,
632 1060 739 1099 sicut
773 1065 940 1099 constat
973 1060 1025 1099 ab
1060 1059 1283 1099 antedictis
1317 1060 1573 1112 principibus

166 1119 217 1158 de
251 1119 372 1158 villas
405 1119 591 1171 prefatae
626 1118 819 1158 ecclesiae
852 1119 997 1158 domni
1031 1119 1139 1158 illius
1173 1118 1334 1169 integra
1367 1119 1577 1158 emunitas

167 1178 326 1229 absque
367 1178 564 1217 introitus
606 1177 790 1217 iudicum
833 1178 914 1216 fuit
955 1190 1163 1225 concessa,
1206 1177 1266 1217 ita
1307 1183 1349 1216 et
1390 1177 1575 1225 inantea,

167 1237 396 1276 auxiliante
409 1237 604 1285 Domino,
623 1236 832 1288 inspectas
850 1236 1034 1288 priorum
1047 1236 1283 1288 principum
1296 1236 1575 1284 auctoritatis,

167 1295 418 1335 omnimodis
445 1300 732 1343 conservetur;
761 1300 803 1334 et
829 1308 962 1347 neque
989 1308 1065 1334 vos
1091 1308 1225 1347 neque
1245 1295 1424 1334 iuniores
1441 1308 1575 1346 neque

153 1366 418 1405 ¹successores
430 1354 559 1393 vestri
570 1354 636 1393 vel
649 1354 845 1405 quislibet
857 1354 907 1393 de
920 1354 1135 1393 iudiciaria
1144 1358 1158 1378 ⁸
1177 1359 1389 1406 potestate
1402 1354 1444 1393 in
1456 1354 1576 1393 villas

167 1413 404 1452 antedictae
428 1413 636 1461 ecclesiae,
663 1426 766 1465 quas
790 1413 990 1452 moderno
1015 1419 1229 1465 temporae
1254 1413 1507 1464 ubicumque
1532 1413 1574 1452 in

165 1484 291 1522 regno
317 1477 460 1511 nostro
486 1472 702 1524 possedere
729 1477 974 1520 noscuntur,
1001 1472 1067 1511 vel
1094 1472 1166 1523 qui
1191 1472 1363 1511 inantea
1389 1485 1412 1513 a
1440 1472 1575 1511 Deum

166 1529 415 1570 timentibus
453 1530 703 1570 hominebus
743 1531 899 1570 fuerint
938 1531 1142 1579 conlatas,
1184 1536 1272 1570 tam
1304 1531 1353 1570 de
1386 1531 1576 1582 ingenuis

167 1602 294 1640 quam
339 1590 388 1629 de
433 1589 711 1629 servientibus
755 1590 821 1629 vel
867 1590 1075 1641 quaslibet
1119 1589 1312 1629 nationes
1356 1589 1574 1629 hominum

168 1647 210 1687 in
243 1648 451 1700 predictas
490 1648 618 1700 ipsius
658 1648 851 1688 ecclesiae
891 1648 1012 1688 villas
1051 1654 1366 1697 conmanentes,
1407 1661 1482 1688 nec
1521 1648 1574 1688 ad

166 1707 375 1758 agendum
402 1720 477 1746 nec
506 1708 637 1747 freta⁹
665 1708 915 1758 exigendum
944 1720 1018 1747 nec
1048 1707 1312 1747 fideiussores
1341 1707 1574 1747 tollendum

165 1778 241 1804 nec
266 1765 502 1805 mansiones
529 1771 603 1806 aut
630 1772 800 1818 paratas
827 1766 1065 1806 faciendum
1091 1779 1167 1805 nec
1193 1779 1262 1805 eos
1288 1767 1338 1806 de
1366 1766 1575 1818 quaslibet

166 1836 313 1863 causas
349 1824 681 1875 distringendum
718 1838 793 1864 nec
820 1825 934 1864 nulla
966 1825 1230 1865 redibutione
1262 1825 1573 1877 requirendum,

167 1882 322 1922 ibidem
341 1883 579 1934 ingredire¹⁰
600 1897 685 1923 non
708 1883 978 1935 presumatis;
1009 1884 1080 1923 sed
1107 1884 1214 1923 sicut
1237 1884 1322 1936 ipse
1346 1883 1574 1923 beneficius

166 1954 191 1981 a
216 1941 299 1980 iam
326 1942 448 1981 dictis
473 1942 731 1994 principibus
758 1943 920 1982 alliam
941 1943 1054 1982 dicta
1080 1943 1251 1982 ecclesia
1278 1943 1359 1982 fuit
1385 1943 1573 1982 indultus

166 2005 208 2039 et
226 2013 356 2052 usque
373 2001 497 2040 modo
516 2007 800 2050 conservatus,
820 2001 880 2042 ita
897 2007 939 2041 et
957 2001 1151 2054 deinceps
1169 2015 1240 2053 per
1258 2001 1366 2041 hanc
1383 2007 1572 2041 nostram

166 2059 462 2098 auctoritatem
485 2061 728 2111 generaliter
752 2060 1049 2099 confirmatum
1073 2060 1114 2099 in
1140 2061 1215 2099 Dei
1237 2061 1404 2100 nomine
1428 2074 1572 2112 peren-

165 2118 274 2156 niter
322 2123 493 2158 maneat
541 2119 857 2167 inconvulsum;
907 2125 949 2158 et
1000 2120 1234 2171 quicquid¹²
1262 2120 1411 2158 exinde
1445 2119 1570 2158 fiscus

164 2181 305 2216 noster
330 2181 533 2228 poterat1³
557 2191 734 2229 sperare,
767 2178 809 2218 in
838 2178 1114 2217 luminaribus
1145 2178 1338 2218 ecclesiae
1370 2178 1498 2230 ipsius
1530 2177 1571 2217 in

164 2240 366 2287 perpetuo
408 2235 614 2287 proficiat.
673 2237 728 2277 Et
758 2242 806 2276 ut
835 2237 936 2276 haec
965 2237 1196 2276 auctoritas
1238 2242 1327 2276 tam
1369 2236 1572 2289 presentis

266 2341 280 2362 ¹
303 2342 574 2377 reddibutione
596 2344 629 2378 A
653 2345 692 2385 2;
730 2343 1017 2378 redibucionem
1040 2345 1074 2378 A
1098 2346 1130 2378 3.
1155 2363 1204 2368 -—-
1225 2344 1239 2364 ²
1262 2343 1458 2388 ingredere
1480 2345 1514 2378 A
1537 2345 1572 2385 2,

165 2395 200 2428 A
223 2396 256 2437 3,
281 2394 323 2429 B.
347 2414 397 2419 —
419 2395 433 2415 a
459 2395 630 2430 ostendit
655 2397 689 2430 A
715 2398 749 2439 2,
777 2396 820 2431 B.
846 2416 896 2421 —
921 2397 935 2417 ⁴
959 2396 1227 2431 desetudinem
1254 2398 1383 2431 nostre
1410 2398 1443 2431 A
1469 2398 1502 2431 3.
1523 2416 1573 2421 —

167 2446 182 2467 ⁵
206 2447 390 2482 actoritas
415 2449 449 2482 A
472 2451 505 2482 1.
529 2467 578 2472 —
601 2448 614 2469 ⁸
640 2449 777 2484 sociari
799 2450 832 2484 A
857 2451 890 2491 2,
915 2449 958 2483 B.
992 2469 1041 2473 —
1064 2449 1077 2469 ⁷
1100 2449 1314 2494 prestitisse
1339 2449 1382 2484 B.
1407 2469 1456 2473 —-
1480 2451 1492 2470 ⁸
1516 2449 1569 2484 iu-

166 2498 309 2534 dicaria
333 2500 376 2535 B.
410 2521 460 2524 —
489 2501 503 2521 ⁹
523 2500 631 2535 freda
654 2501 697 2536 B.
728 2521 777 2526 —
810 2499 842 2522 ¹⁰
862 2502 1057 2546 ingredere
1080 2503 1112 2537 A
1136 2504 1170 2544 2,
1192 2503 1225 2536 A
1247 2504 1282 2544 3,
1305 2502 1347 2536 B.
1380 2522 1430 2526 —
1463 2498 1499 2522 ¹¹
1522 2502 1571 2537 ad

166 2553 199 2586 A
221 2554 255 2594 3,
278 2552 320 2587 Β.
355 2572 404 2578 —
439 2552 471 2574 1²
493 2553 681 2598 quidquid
709 2555 742 2589 A
770 2556 802 2589 2.
842 2574 891 2579 —
927 2554 957 2576 ¹³
984 2555 1127 2600 poterit
1155 2556 1188 2590 A
1216 2557 1248 2590 3.

1614 772 1659 804 10

1614 1064 1658 1098 15

1609 1952 1655 1985 30

1607 2246 1651 2281 35
