1895 2990
202 872 246 903 10

205 1165 250 1198 15

201 1532 248 1565 20

208 1838 252 1872 25

208 2136 253 2168 30

885 148 1072 186 -2-

279 253 489 292 vindicare
519 266 601 292 non
632 253 784 302 valcat,
815 258 857 292 et
886 252 960 292 hec
990 252 1171 292 vindicio
1201 253 1315 291 omni
1344 257 1530 304 tempore
1561 253 1682 292 firma

279 317 536 364 permaneat.

358 372 512 410 Actum
542 370 792 409 Andecavis.

278 430 323 469 F.
354 430 666 469 Andecavenses
701 429 759 475 (Z.
797 429 837 469 S.
872 430 896 467 6
928 442 969 468 n.
1004 430 1061 478 4).
1105 442 1142 468 a.
1171 429 1397 469 500—550.

616 559 653 597 3.
687 558 840 609 Incipit
869 558 1050 597 vindicio
1082 558 1352 609 proprietate.

363 629 542 669 Domino
575 628 809 668 venerabile
842 634 884 667 et
916 629 957 667 in
989 628 1153 667 Christo
1185 629 1296 680 patri
1327 629 1395 668 illo
1427 629 1581 668 abbate
1614 642 1688 680 ego

281 689 338 727 illi
367 694 409 727 ct
438 688 590 727 coniux
619 700 711 726 mea
742 687 824 726 illa.
870 688 1047 727 Constat
1075 700 1153 726 nus
1183 687 1527 737 vindedissemus,
1558 693 1601 727 et
1629 689 1689 727 ita

280 747 547 786 vindedimus
586 747 705 785 vobis
744 752 853 785 terra
892 746 1161 798 proprietatis
1200 752 1340 785 nostre
1380 747 1420 785 in
1458 747 1547 786 1000
1586 760 1689 786 11011-

281 811 461 857 cupante
498 806 580 854 illo,
617 811 659 845 et
695 805 827 857 accipi
862 805 1033 857 proinde
1070 805 1207 857 precio
1243 805 1292 844 de
1329 805 1461 854 vobis,
1498 806 1539 845 in
1577 806 1689 858 quod

281 865 401 904 nobis
438 865 690 916 conplacuit,
728 864 806 903 hoc
842 869 905 903 est
942 864 983 903 in
1020 869 1192 915 argento
1229 864 1394 903 soledus
1431 869 1589 913 tantus,
1627 870 1688 913 ut,

282 924 480 976 quicquid
507 924 557 963 de
585 924 675 975 ipsa
702 928 812 963 terra
838 923 1107 975 proprietatis
1133 928 1340 972 nostrum,
1369 936 1447 974 que
1475 935 1553 962 nus
1579 923 1690 963 bona

281 983 517 1022 volumtate
544 982 664 1022 vobis
690 983 1039 1031 venondammus,
1068 982 1200 1021 facere
1228 982 1420 1029 volueris,
1448 982 1621 1021 liberam
1648 982 1691 1021 in

281 1042 474 1081 omnibus
503 1041 658 1081 habeas
681 1046 952 1093 potestatem.
996 1041 1050 1080 Et
1073 1041 1107 1080 si
1130 1041 1220 1092 quis
1244 1041 1292 1081 de
1316 1053 1394 1080 nus
1418 1041 1515 1092 ipsis
1540 1046 1616 1080 aut
1641 1041 1691 1080 de

281 1101 530 1153 propinquis
579 1100 732 1140 nostris
781 1101 846 1139 vel
897 1100 1084 1152 qualibet
1133 1105 1332 1139 extranea
1382 1112 1570 1151 persona,
1621 1099 1693 1151 qui

284 1165 431 1199 contra
460 1159 568 1199 113110
596 1159 832 1199 vindicione
862 1172 980 1210 agere
1010 1159 1238 1208 conaverit,
1268 1159 1409 1198 inferit
1438 1159 1544 1198 inter
1573 1158 1693 1197 vobis

282 1224 325 1259 et
347 1219 461 1268 fisco,
493 1232 725 1270 conponere
746 1220 766 1242 *
797 1218 941 1258 debiat
971 1218 1134 1257 soledus
1160 1223 1318 1267 tantus,
1341 1223 1384 1257 et
1407 1218 1517 1269 quod
1540 1218 1694 1269 repetit

282 1278 493 1318 vindicare
538 1291 623 1317 non
668 1278 822 1327 valeat,
853 1283 896 1317 et
928 1277 1030 1316 haec
1062 1277 1245 1316 vindicio
1290 1277 1461 1329 perenni
1505 1282 1692 1328 tempore

283 1337 404 1376 firma
437 1342 696 1389 permaneat,
730 1336 1004 1376 stibulacione
1038 1336 1232 1375 subnixa.

281 1397 326 1436 F.
357 1397 670 1435 Andecavenses
704 1396 762 1443 (Z.
799 1396 839 1436 S.
875 1396 937 1444 13,
970 1409 1010 1434 n.
1044 1395 1126 1445 27).
1172 1408 1209 1434 a.
1235 1395 1462 1435 500—550.

712 1527 749 1564 4.
782 1525 935 1577 Incipit
964 1531 1187 1565 securetas.

365 1597 453 1648 Ego
476 1597 586 1636 enim
610 1596 681 1645 illi,
707 1596 778 1648 qui
801 1609 1030 1635 conmaneo
1054 1595 1153 1635 villa
1176 1595 1243 1634 illa
1269 1596 1402 1635 sancti
1427 1595 1547 1634 illius.
1587 1595 1692 1634 Con-

283 1656 400 1695 venit
417 1655 520 1695 mihi
536 1656 647 1695 bona
666 1656 901 1695 volumtate
914 1656 966 1694 ad
980 1655 1202 1694 securitate
1215 1655 1268 1694 ad
1281 1654 1446 1693 homine
1459 1667 1611 1693 nomen
1624 1653 1693 1693 illo

285 1716 418 1754 facere
451 1715 620 1763 ἀώρως
656 1715 767 1766 quod
801 1715 861 1754 ita
893 1720 935 1753 et
968 1714 1049 1763 fici,
1082 1727 1157 1766 pro
1190 1727 1238 1753 eo
1272 1714 1383 1765 quod
1416 1713 1486 1752 illa
1518 1725 1605 1751 rem
1638 1712 1691 1751 ad

286 1775 407 1814 furtis
428 1774 682 1813 condicionis
702 1779 799 1826 post
819 1787 859 1813 se
880 1773 1070 1822 abuissit,
1092 1778 1134 1812 et
1154 1773 1331 1824 accipit1
1350 1773 1498 1811 exinde
1519 1776 1694 1823 argento

287 1839 476 1882 tantum,
500 1833 672 1885 proinde
695 1846 820 1872 mano
844 1846 937 1871 mea
959 1838 1002 1872 et
1024 1833 1230 1871 bonorum
1254 1832 1419 1871 firmata
1446 1831 1522 1871 tibi
1545 1830 1694 1870 exinde

283 1893 458 1941 dedisse,
488 1898 536 1931 ut
564 1898 660 1944 post
687 1891 798 1931 hunc
826 1892 918 1931 diae
944 1892 994 1931 de
1023 1891 1102 1931 hac
1125 1903 1249 1931 causa
1273 1891 1437 1942 quietus
1460 1895 1502 1929 et
1528 1901 1695 1929 securus

283 1951 476 1991 resediat.
523 1951 578 1990 Et
606 1951 640 1990 si
667 1951 793 1990 fuerit
820 1956 895 1990 aut
922 1964 996 2002 ego
1026 1950 1103 2002 ipsi
1131 1955 1206 1989 aut
1234 1950 1373 2002 aliqua
1401 1961 1592 2001 persona,
1622 1948 1694 2000 qui

285 2016 432 2050 contra
464 2010 571 2049 hanc
603 2010 840 2059 securitate,
874 2022 997 2062 quem
1029 2022 1103 2060 ego
1135 2022 1259 2048 mano
1291 2021 1384 2047 mea
1415 2008 1585 2047 firmata
1616 2006 1696 2047 tibi

284 2069 384 2118 deti,
423 2069 623 2108 resultare
663 2069 870 2118 voluerit,'
896 2069 1060 2108 soledus
1093 2073 1239 2107 tantus
1270 2068 1378 2107 inter
1411 2067 1489 2106 tibi
1522 2072 1564 2106 et
1594 2066 1693 2105 fisco

289 2129 547 2180 conponere*
575 2128 731 2177 debiat,
774 2133 817 2168 et
843 2128 955 2180 quod
981 2128 1134 2179 repetit
1160 2127 1379 2166 vindecare
1405 2139 1489 2165 11011
1515 2125 1694 2173 valeat²‚

289 2193 331 2227 et
358 2187 460 2227 haec
488 2187 688 2226 securitas
717 2188 853 2239 adque
873 2187 1082 2226 volomtas
1110 2198 1203 2225 mea
1231 2185 1352 2225 firma
1381 2189 1639 2237 permaneat.

284 2247 329 2286 F.
362 2247 676 2286 Andecavenses
708 2247 767 2293 (Z.
803 2247 844 2286 S.
879 2246 941 2295 19,
974 2260 1014 2285 n.
1048 2246 1129 2295 42).
1177 2246 1212 2285 7.
1243 2245 1310 2285 Jh.

286 2377 323 2415 5.
355 2376 508 2427 Incipit
535 2376 725 2428 epistola,
756 2388 879 2428 quem
908 2375 1119 2414 hominem
1148 2374 1384 2426 repotavit³
1412 2374 1462 2413 de
1490 2384 1554 2411 res
1582 2384 1692 2411 suas.

369 2447 478 2486 Dum
504 2447 717 2497 cognitum
742 2452 818 2496 est,
845 2447 955 2498 quod
980 2446 1105 2485 homo
1130 2458 1282 2485 nomen
1306 2444 1364 2484 illi
1388 2444 1492 2483 alico
1516 2442 1692 2482 homene

205 2511 249 2546 35
282 2518 432 2545 nomen
460 2506 528 2545 illo
553 2506 747 2545 mallavit
772 2518 847 2557 pro
871 2518 935 2544 res
961 2517 1070 2554 suas,
1097 2510 1140 2544 et
1165 2504 1243 2556 ipsi
1268 2504 1325 2543 illi
1350 2503 1456 2542 male
1482 2502 1518 2540 ei
1543 2502 1693 2541 exinde

387 2595 400 2616 ¹
427 2596 513 2630 Lies
540 2595 673 2640 accipi.
729 2595 743 2615 ²
770 2594 878 2629 valea
907 2607 934 2630 c.
990 2594 1004 2615 ³
1036 2594 1122 2628 Lies
1152 2593 1346 2639 repetivit.
