1836 2985
706 136 921 175 ῌ43-

108 241 219 281 hunc
240 242 320 289 die,
351 242 462 293 quod
485 254 510 281 a
532 254 629 292 pare
653 253 726 280 suo
745 240 787 279 in
804 240 1133 279 commutatione
1152 240 1218 279 vel
1236 240 1279 279 in
1301 240 1514 279 concamio

108 301 284 352 accepit,
310 300 388 340 hoc
413 300 551 347 abeat,
578 303 721 338 teneat
745 303 872 350 atque
898 299 1131 350 possedeat,
1157 298 1224 337 vel
1250 298 1425 350 quiquid
1446 329 1453 336 .
1475 329 1483 337 .
1505 330 1512 337 .

107 360 153 399 F.
179 360 336 400 Salicae
356 358 639 408 Bignonianae
663 357 722 405 (Z.
750 357 790 397 S.
809 357 1034 405 233—234,
1057 370 1098 396 n.
1124 357 1186 396 15.
1224 369 1262 396 a.
1287 356 1512 396 769—775.

423 486 488 526 60.
521 485 688 525 Noticia
717 486 767 525 de
797 498 915 525 cruce
945 485 1198 525 evindicata.

189 559 300 597 Dum
329 561 371 596 et
400 556 596 595 omnibus
624 569 709 596 non
739 561 802 595 est
831 555 1105 606 incognitum,
1136 555 1314 607 qualiter
1344 555 1515 594 veniens

107 617 232 656 homo
257 615 385 654 alicus
408 628 562 654 nomen
586 615 651 654 ille
676 620 774 654 ante
799 614 957 665 vigario
982 614 1155 653 inluster
1180 614 1244 653 vir
1268 614 1337 653 illo
1363 613 1514 653 comite

106 687 258 714 nomen
283 673 352 713 illo
378 674 578 713 adversus
602 673 769 713 homine
796 673 899 712 alico
924 686 1078 712 nomen
1103 673 1186 722 illo,
1212 673 1440 725 repedebat
1465 673 1514 721 ei,

106 734 208 773 du‘m
242 733 413 781 diceret,
447 745 494 772 eo
529 737 633 784 quot
665 737 775 771 terra
808 745 884 771 sua
916 732 966 771 de
1000 744 1074 771 suo
1107 744 1223 771 maso
1256 732 1324 771 vel
1357 731 1407 771 de
1441 744 1517 770 sua

105 796 318 843 potestate
355 791 465 830 malo
503 791 645 830 ordine
682 791 964 842 proprisisset3
1004 791 1075 830 sed
1113 791 1192 842 ipsi
1228 790 1287 829 illi
1323 790 1372 830 de
1398 802 1516 842 prae-

106 855 221 890 sente
242 850 408 889 adstare
428 850 651 889 videbatur
670 855 713 889 et
727 849 805 888 hac
825 862 950 889 causa
969 849 1133 889 fortiter
1148 849 1386 900 denegavit,
1404 849 1516 900 quod

106 921 181 948 sua
210 914 322 948 terra
350 909 399 948 de
429 921 502 947 suo
531 921 648 947 maso
677 908 787 947 malo
817 908 960 947 ordine
989 921 1222 960 numquam
1251 908 1517 959 proprisisset

105 980 181 1007 nec
218 973 315 1019 post
353 980 393 1006 se
431 980 664 1018 numquam
701 967 931 1006 retenuerit
968 967 1125 1006 iniusti.
1183 966 1263 1006 Sed
1302 966 1442 1006 taliter
1479 966 1517 1005 ei

106 1026 188 1065 fuit
218 1026 452 1066 iudicatum
496 1026 537 1064 in
569 1026 658 1077 ipso
690 1026 845 1077 placito
878 1031 975 1065 ante
1008 1026 1096 1077 ipso
1128 1025 1288 1076 vigario
1320 1025 1386 1064 vel
1418 1029 1515 1064 ante

106 1085 217 1136 ipsos
252 1085 457 1136 pagensis,
495 1090 543 1124 ut
581 1085 634 1124 ad
672 1097 835 1124 crucem
872 1085 925 1123 ad
963 1085 1163 1124 iudicium
1203 1084 1278 1123 Dei
1313 1097 1388 1136 pro
1426 1084 1516 1135 ipsa

106 1149 217 1183 terra
241 1144 282 1183 in
306 1143 439 1183 noctis
464 1143 514 1182 42
539 1143 580 1182 in
606 1144 695 1195 ipsa
719 1143 876 1195 placita
899 1156 974 1195 pro
999 1143 1077 1182 hoc
1102 1143 1303 1182 deberent
1327 1143 1515 1191 adstare3

107 1203 218 1254 quod
247 1203 310 1242 ita
337 1207 379 1241 et
406 1203 606 1241 fecerunt.
655 1202 735 1241 Sed
764 1202 978 1241 venientes
1007 1202 1060 1243 ad
1089 1202 1177 1253 ipso
1206 1201 1376 1253 placito,
1407 1201 1516 1240 sicut

106 1261 162 1300 eis
187 1261 267 1300 fuit
290 1261 535 1309 iudicatum,
559 1266 656 1300 ante
681 1261 770 1312 ipso
794 1261 953 1312 vigario
978 1261 1042 1300 vel
1066 1266 1164 1300 ante
1188 1260 1299 1312 ipsos
1322 1260 1516 1312 pagensis

106 1320 160 1359 ad
188 1320 276 1372 ipso
306 1320 455 1359 iudicio
484 1320 550 1359 vel
579 1320 631 1359 ad
661 1320 750 1371 ipsa
779 1332 896 1359 eruce
926 1319 1004 1358 visi
1032 1320 1204 1358 fuerunt
1223 1319 1402 1358 stetisse.
1435 1319 1515 1359 Sed

106 1379 195 1430 ipso
232 1379 288 1418 ill.
325 1378 493 1427 omine1,
520 1379 591 1430 qui
621 1379 711 1430 ipsa
747 1384 858 1418 terra
894 1379 1107 1430 proprisit,
1145 1379 1198 1418 ad
1236 1378 1324 1430 ipso
1363 1377 1516 1417 iudicio

105 1437 172 1476 vel
191 1437 244 1476 ad
264 1437 353 1489 ipsa
372 1450 490 1477 cruce
510 1451 606 1477 eum
626 1437 887 1486 convincuit;
909 1437 980 1476 sed
1000 1437 1079 1488 ipsi
1098 1437 1163 1476 ille
1185 1438 1227 1476 in
1247 1437 1336 1489 ipso
1357 1437 1513 1488 placito

106 1496 159 1535 ad
190 1496 280 1548 ipsa
310 1509 426 1536 cruce
456 1496 569 1535 visus
599 1496 680 1536 fuit
709 1496 902 1536 cadisset.
951 1496 1031 1536 Sed
1062 1496 1164 1535 dum
1193 1495 1272 1535 hac
1301 1508 1428 1535 causa
1457 1495 1514 1534 sic

106 1555 187 1594 fuit
213 1556 399 1604 inventa,
429 1555 540 1607 quod
568 1555 646 1606 ipsi
672 1554 744 1604 illi,
773 1555 844 1607 qui
871 1555 923 1594 ad
952 1555 1042 1607 ipso
1070 1555 1223 1594 iudicio
1251 1555 1317 1594 vel
1345 1555 1397 1594 ad
1427 1554 1515 1606 ipsa

107 1626 224 1652 cruce
252 1614 443 1662 cadisset,
471 1614 624 1653 solidos
651 1619 794 1653 tantos
820 1614 857 1653 ei
884 1614 1160 1653 transsolvere
1189 1613 1374 1662 deberet,
1403 1613 1514 1664 quod

106 1672 166 1711 ita
181 1677 222 1711 et
238 1672 350 1721 fecit,
366 1677 408 1712 et
422 1673 472 1712 de
488 1673 578 1724 ipsa
593 1678 703 1712 terra
724 1673 813 1724 ipso
837 1673 905 1712 illo
927 1673 1086 1723 legibus
1107 1673 1305 1712 revestire
1328 1672 1515 1719 deberet,

106 1731 218 1782 quod
251 1731 310 1770 ita
341 1736 382 1770 et
412 1731 524 1771 fecit.
555 1732 673 1770 Tunc
704 1732 843 1771 taliter
874 1732 912 1771 ei
942 1732 1249 1779 iudicaverunt,
1282 1736 1330 1770 ut
1360 1731 1439 1782 ipsi
1458 1730 1517 1770 illi

104 1789 155 1828 de
182 1795 398 1841 praesente
424 1790 488 1830 die
515 1790 605 1842 ipsa
631 1795 741 1830 terra
767 1795 914 1829 contra
940 1791 1028 1842 ipso
1055 1790 1124 1829 illo
1150 1790 1215 1829 vel
1242 1789 1404 1829 heredis
1431 1789 1516 1829 suis

106 1861 234 1899 quam
259 1853 404 1888 contra
428 1849 657 1900 quemlibet
680 1848 892 1888 hominem
916 1862 1121 1900 omneque
1146 1854 1334 1900 tempore
1359 1848 1516 1888 habeat

105 1907 344 1947 evindicata
374 1908 508 1959 adque
539 1908 723 1957 elidiata,
755 1913 843 1947 tam
874 1908 951 1959 ipsi
981 1908 1038 1947 illi
1069 1921 1196 1959 quam
1226 1913 1268 1946 et
1290 1907 1515 1959 posteritas

106 1978 183 2005 sua
210 1966 259 2004 de
288 1971 383 2017 post
410 1966 520 2006 hunc
547 1967 612 2006 die
641 1967 856 2018 praedicta
884 1972 994 2006 terra
1023 1967 1164 2018 quieto
1193 1966 1336 2005 ordine
1365 1966 1514 2005 valead

106 2024 313 2076 possidere
345 2025 410 2064 vel
442 2026 670 2074 dominare,
703 2031 746 2065 et
777 2025 894 2065 ducti
926 2031 968 2064 et
999 2025 1131 2064 securi
1162 2025 1311 2064 exinde
1344 2025 1516 2064 valeant

105 2083 304 2122 resedere.
355 2084 483 2123 Facto
518 2084 669 2124 iudicio
705 2085 746 2123 in
780 2084 848 2123 illo
885 2084 974 2124 loco
1009 2084 1244 2136 publiciter.

105 2142 150 2181 F.
175 2141 330 2182 Salicae
352 2142 636 2192 Bignonianae
660 2144 719 2191 (Z.
749 2143 789 2183 S.
809 2143 1034 2192 232—233,
1053 2157 1094 2182 n.
1116 2143 1195 2192 13).
1226 2156 1262 2183 a.
1284 2143 1513 2183 769—775.

519 2271 584 2311 61.
618 2272 820 2312 Cautione
849 2272 900 2312 de
932 2272 1072 2312 clavis.

189 2341 300 2380 Dum
326 2346 368 2380 et
392 2342 655 2393 perpluribus
680 2342 919 2382 hominibus
944 2347 1007 2382 est
1032 2343 1310 2394 patefactum,
1337 2342 1516 2394 qualiter

107 2399 150 2438 in
179 2399 256 2439 Dei
282 2412 434 2439 nomen
464 2401 543 2449 ille,
571 2401 742 2441 veniens
769 2402 810 2440 in
839 2401 995 2453 placita
1022 2406 1120 2441 ante
1149 2413 1276 2453 quam
1304 2401 1424 2440 bonis
1452 2400 1517 2440 vel

108 2470 234 2509 quam
272 2458 401 2510 pluris
440 2459 559 2498 bonis
597 2459 838 2500 hominibus
876 2461 1077 2500 adversus
1114 2459 1326 2499 hominem
1364 2472 1516 2499 nomen

206 2559 220 2580 ¹
244 2560 310 2595 lies
335 2560 415 2605 ipse
443 2559 503 2595 ille
530 2559 739 2595 hominem.

1552 856 1598 888 10

1551 1149 1597 1184 15

1552 1445 1597 1479 20

1552 1739 1597 1773 25

1551 2036 1598 2070 30

1550 2400 1595 2436 35
