1895 2990
221 775 266 807 ‘lo

218 1071 233 1101 '1
242 1069 261 1101 5

214 1661 232 1693 Ν)

241 1660 257 1692 vi

212 1958 258 1989 30

211 2252 255 2285 35

912 137 1116 177 -10—

308 240 465 279 fectum
495 240 678 292 pertinet
706 241 796 281 loca
826 248 1082 293 sanctorum,
1112 245 1165 283 ad
1195 245 1407 294 effectum,
1437 246 1599 286 Christo
1630 261 1717 299 pre-

307 298 404 348 sole,
439 300 730 351 perducamus.
783 301 914 352 Igitur
950 303 1197 342 venerabilis
1232 303 1293 342 vir
1329 304 1407 353 ille,
1443 304 1551 344 illius
1585 307 1719 346 sancti

305 358 551 397 monasterii
582 359 707 407 abba,
740 360 907 410 gloriosi
938 362 1053 412 regni
1085 362 1217 401 nostri
1249 363 1549 413 [clementiam]
1582 365 1716 416 petiit,

307 422 368 466 ut,
397 417 498 456 dum
528 417 613 469 ipse
643 423 814 457 sanctus
842 421 1121 459 monasterius
1149 422 1199 460 de
1229 422 1464 461 conlatione
1494 428 1717 474 parentum

306 481 561 524 nostrorum,
590 477 678 515 Deo
696 477 902 526 adiutore,
921 478 1087 518 videtur
1107 492 1193 519 esse
1213 486 1492 530 constructus,
1512 495 1587 521 nos
1604 484 1718 522 omni

306 547 503 586 corporae
546 535 761 575 facultatis
801 536 902 585 eius,
944 542 1033 576 tam
1075 539 1187 589 quod
1228 545 1509 579 antecessores
1550 541 1728 580 abbatis.

305 593 458 632 ibidem
498 593 811 643 laboraverunt,
853 595 918 634 vel
958 596 1023 635 ille
1065 597 1243 636 domnus
1284 599 1407 648 abba,
1450 600 1521 651 qui
1562 600 1715 639 ibidem

304 653 427 691 fuisse
457 652 703 702 dinuscitur,
734 653 784 693 de
813 667 900 692 rem
930 655 1172 694 monasterii
1201 656 1354 696 ibidem
1384 658 1497 697 visus
1526 664 1589 698 est
1617 672 1716 710 aug-

303 716 512 750 mentasse
555 717 630 750 aut
671 724 934 764 conparasse,
977 715 1089 765 quod
1131 720 1173 753 et
1214 715 1266 754 ab
1309 715 1396 767 ipso
1439 723 1583 757 sancto
1625 718 1714 757 loco

305 770 505 809 moderno
552 776 739 822 tempore
786 773 1068 823 possedeturl,
1116 787 1187 825 per
1233 780 1424 813 nostrum
1471 776 1715 816 deberemus

303 829 548 879 generaliter
591 829 838 870 confirmare
880 837 1145 883 preceptum,
1189 834 1300 884 quod
1341 847 1416 873 nos
1456 848 1530 886 pro
1571 836 1713 875 divino

301 894 493 939 respectu
549 889 612 927 vel
662 889 863 928 mercedis
904 896 1072 930 nostrae
1116 897 1391 942 augmentum
1433 895 1713 944 praestetisse,

301 952 441 986 vestra
464 960 548 986 non
572 948 740 987 dubitet
764 950 1025 999 magnitudo.
1068 951 1210 990 Etiam
1234 957 1275 990 et
1299 950 1562 1003 privilegium
1586 953 1714 1005 ipsius

300 1006 581 1056 monasterii2,
620 1008 732 1059 quod
770 1021 819 1047 ex
858 1008 1168 1048 institutionem
1206 1010 1313 1049 sedis
1350 1011 1604 1062 apostolicae
1642 1025 1712 1052 seu

299 1065 553 1116 reliquorum
566 1067 858 1118 episcoporum
871 1067 949 1106 visi
961 1074 1059 1107 sunt
1069 1069 1265 1108 meruisse
1278 1075 1320 1109 et
1331 1083 1401 1121 per
1414 1070 1712 1111 auctoritatem

300 1124 443 1163 domni
466 1124 574 1165 illius
597 1138 668 1165 seu
687 1126 856 1178 reliquis
874 1127 923 1166 de
943 1128 1248 1167 successoribus
1265 1129 1443 1179 regibus,
1468 1130 1713 1181 parentibus

299 1183 466 1232 nostris,
498 1184 800 1224 adumbratum
831 1186 955 1225 fuisse
986 1187 1238 1236 denoscitur,
1270 1187 1554 1239 iuxta³.qu0d
1584 1188 1712 1229 etiam

299 1255 370 1293 per
400 1243 581 1294 priorem
612 1244 925 1296 preceptionem
957 1251 1145 1285 nostram
1176 1259 1271 1297 erga
1302 1259 1342 1286 se
1374 1247 1595 1299 perhibent
1625 1261 1711 1287 esse

298 1302 525 1351 munitum,
570 1316 645 1354 pro
689 1303 892 1355 perhenni
936 1305 1168 1344 stabilitate
1198 1305 1458 1345 decrevimus
1502 1307 1710 1347 roborare.

299 1360 579 1412 precipientes
616 1375 726 1413 ergo,
763 1368 812 1402 ut
848 1376 991 1403 omnes
1028 1364 1252 1404 facultates
1289 1365 1418 1416 ipsius
1453 1366 1710 1415 monasterii,

298 1420 496 1471 quicquid
523 1426 598 1460 aut
622 1422 734 1472 regia
757 1422 1037 1462 conlationem
1065 1429 1140 1462 aut
1161 1424 1423 1475 privatorum
1450 1437 1619 1464 munere
1645 1425 1711 1464 vel

297 1484 577 1519 antecessores
604 1481 773 1520 abbatis
799 1494 870 1520 seu
896 1487 938 1521 et
964 1482 1125 1521 domini
1149 1482 1231 1522 lui4
1257 1483 1411 1522 ibidem
1437 1489 1501 1522 est
1526 1484 1710 1534 legaliter

297 1539 557 1589 atquesitum
598 1545 673 1579 aut
713 1546 990 1592 conparatum
1032 1541 1243 1593 immoque
1284 1543 1333 1581 de
1375 1543 1709 1595 quibuscumque

296 1597 419 1636 rebus
461 1603 598 1638 rectae
641 1599 897 1649 adtractum,
942 1601 1263 1652 quodcumquae
1305 1602 1538 1641 dominatio
1582 1602 1710 1654 ipsius

238 1682 243 1690 ·
296 1657 431 1696 sancti
459 1657 539 1696 loci
567 1658 779 1710 undiquae
808 1660 1009 1699 moderno
1040 1665 1253 1711 temporae
1284 1660 1325 1699 in
1355 1660 1548 1709 villabus,
1578 1661 1709 1700 domi·

297 1716 386 1764 bus,
412 1717 644 1768 mancipiis,
670 1717 816 1767 vineis,
842 1718 969 1767 silvis,
994 1719 1140 1770 pratis,
1166 1720 1329 1771 pascuis
1353 1725 1428 1758 aut
1453 1720 1707 1771 quibuslibet

297 1775 507 1814 beneficiis
550 1777 732 1816 cernitur
775 1790 870 1816 cum
913 1778 1140 1829 aequitatis
1183 1778 1325 1818 ordine
1368 1779 1590 1830 possidere,
1634 1793 1708 1830 per

295 1833 403 1873 hanc
429 1835 682 1875 auctoritate
710 1836 948 1886 suffultum,
975 1837 1132 1889 absque
1161 1838 1381 1877 cuiuslibet
1407 1837 1586 1877 inlicitas
1613 1851 1708 1877 con-

297 1894 560 1944 troversias5,
610 1894 713 1934 inibi
760 1900 849 1934 tam
898 1902 1088 1947 presente
1139 1910 1265 1948 quam
1315 1897 1456 1936 futuro
1506 1902 1706 1948 tempore,

294 1951 458 1992 Christo
489 1954 662 2004 presole,
692 1954 889 2006 proficiat
919 1955 961 1994 in
991 1961 1285 2006 augmentum;
1316 1956 1557 2005 adicienteS,
1588 1961 1636 1995 ut
1665 1961 1707 1995 et

294 2011 558 2063 privilegium
601 2018 689 2052 tam
730 2014 780 2053 de
823 2014 990 2053 abbatis
1031 2015 1230 2066 ingressu,
1274 2015 1361 2066 ipsa
1402 2014 1705 2066 congregati0⁶,

294 2076 390 2121 post
425 2072 562 2122 quod⁷
597 2072 703 2111 alius
737 2073 994 2123 migraverit,
1031 2087 1081 2113 ex
1117 2086 1156 2113 se
1192 2073 1466 2123 instituendo,
1503 2087 1629 2125 quam
1664 2078 1706 2113 et

292 2129 342 2167 de
384 2130 544 2182 reliqua
586 2132 741 2181 omnia,
786 2133 897 2183 quod
940 2146 1011 2184 per
1054 2132 1319 2172 institutione
1362 2133 1613 2185 pontificum
1654 2133 1704 2171 de

294 2193 508 2240 tempora8
543 2190 651 2230 illius
684 2204 815 2242 usque
849 2204 961 2230 nunc
995 2191 1081 2243 ipse
1115 2191 1393 2231 monasterius
1427 2191 1576 2231 habuit
1610 2204 1704 2230 con-

295 2260 454 2287 cessum
485 2254 527 2288 et
556 2262 687 2301 usque
717 2255 891 2289 actenus
921 2256 1215 2290 conservatum
1246 2251 1312 2289 vel
1340 2264 1412 2303 per
1442 2251 1703 2290 decessorum

293 2319 436 2357 regum
458 2308 567 2348 circa
587 2321 627 2348 se
650 2308 882 2358 firmatum,
906 2309 965 2349 ita
986 2314 1028 2349 et
1049 2309 1233 2358 inantea,
1255 2314 1487 2349 resecatas⁹
1508 2322 1703 2361 quarum-

291 2378 454 2417 cunque
470 2368 785 2419 superfluvias1⁰
799 2368 1125 2420 inquietudines,
1142 2369 1218 2408 sub
1239 2382 1286 2408 eo
1307 2369 1450 2408 ordine
1470 2369 1640 2407 valeant
1661 2368 1701 2407 in

386 2467 397 2487 ¹
418 2468 637 2512 possidetur
659 2468 702 2503 B.
724 2489 773 2493 —
793 2469 807 2490 2
827 2469 1061 2504 monasterio
1083 2470 1117 2503 A
1138 2472 1170 2503 2.
1192 2489 1242 2494 —
1261 2470 1276 2490 ³
1296 2469 1398 2504 iusta
1421 2469 1463 2504 B.
1489 2489 1537 2493 —
1561 2469 1575 2489 ‘¹
1590 2468 1641 2503 illi
1658 2469 1700 2504 B.

290 2539 339 2543 ——
363 2520 377 2540 ⁵
392 2521 676 2556 contraversias
702 2521 745 2557 B.
771 2542 820 2546 —
843 2522 857 2543 ⁶
873 2522 1172 2566 congregacione
1197 2524 1231 2557 A
1255 2525 1288 2558 3.
1313 2542 1363 2546 —-
1386 2522 1399 2542 ⁷
1420 2523 1628 2566 postquam
1657 2522 1699 2557 B.

290 2593 339 2597 —
366 2575 378 2594 Β
399 2575 571 2618 tempore
600 2575 631 2609 A
659 2577 691 2610 3.
721 2595 769 2599 —-
797 2575 810 2596 ⁹
830 2577 996 2610 resectas
1018 2575 1060 2610 B.
1089 2595 1137 2600 —
1156 2572 1188 2596 ¹⁰
1207 2575 1423 2620 superfluas
1445 2576 1476 2610 A
1496 2577 1530 2618 2,
1551 2576 1584 2610 A
1599 2578 1634 2618 3,
1657 2575 1699 2610 Β.
