1895 2990
754 139 969 178 -27-

156 246 311 285 diceret
345 245 511 284 iniuste.
564 245 850 294 Interrogatus
884 243 968 294 ipse
1003 243 1127 282 homo
1162 243 1215 282 ab
1250 243 1348 294 ipsis
1382 243 1494 292 viris,
1529 243 1563 282 si

156 304 213 343 sic
237 309 326 343 erat
359 304 527 352 veritas,
558 315 711 341 annon.
754 302 834 341 Sed
859 302 944 353 ipse
969 301 1168 341 iudicium
1193 302 1259 340 vel
1282 301 1406 340 breve
1428 314 1561 341 sacra-

156 368 396 402 mentorum
426 362 579 401 ibidem
609 365 706 399 ante
737 360 835 411 ipsis
865 360 963 398 viris
992 360 1169 411 protulit
1198 361 1251 399 ad
1280 360 1563 410 relegendum,

157 422 335 473 qualiter
360 433 455 460 cum
480 420 568 471 ipso
590 419 757 458 homine
781 424 878 458 ante
910 418 985 457 hos
1016 419 1103 458 dies
1134 419 1284 458 exinde
1316 424 1414 458 ante
1447 418 1564 457 illum

156 480 334 519 iudicem
369 479 411 518 in
444 478 628 517 rationes
663 478 813 526 fuerat,
849 483 892 516 et
926 477 1104 529 qualiter
1139 477 1227 529 ipso
1263 477 1382 516 alode
1417 482 1564 516 contra
1594 481 1615 515 5

157 539 293 590 ipsum
319 537 532 576 hominem
559 537 626 575 vel
655 541 803 575 contra
829 549 1049 587 germanos
1069 548 1164 575 suos
1181 535 1417 586 elitigatum
1435 541 1562 587 atque

156 597 443 637 evindicatum
487 595 646 646 legibus
690 595 889 634 habebat.
954 595 1122 634 Relecto
1168 595 1257 646 ipso
1302 595 1453 634 iudicio
1498 594 1564 633 vel

157 656 245 707 ipso
289 655 413 693 breve
459 659 831 702 sacramentorum,
877 654 934 692 sic
978 654 1057 705 ipsi
1100 653 1179 692 viri
1224 654 1361 705 ipsum
1405 653 1566 692 homini

157 714 534 764 interrogaverunt,
583 713 616 752 si
664 713 822 764 aliquid
871 718 1018 752 contra
1066 712 1203 764 ipsum
1252 712 1450 751 iudicium
1499 712 1564 751 vel

155 777 302 811 contra
338 772 474 823 ipsum
510 772 679 810 brevem
716 784 924 823 opponere
962 771 1145 810 volebat.
1186 771 1265 811 Sed
1302 771 1388 822 ipse
1425 771 1565 810 taliter
1601 776 1647 808 10

154 831 276 879 dixit,
316 831 428 882 quod
465 830 567 869 nihil
605 830 805 878 habebat,
845 830 957 881 quod
995 835 1139 869 contra
1180 830 1317 881 ipsum
1355 842 1563 881 opponere

154 889 338 929 deberet.
384 890 440 928 Et
467 902 507 928 se
537 889 579 928 in
607 889 801 928 omnibus
828 889 1086 939 recognovit,
1117 889 1229 940 quod
1258 894 1405 928 contra
1432 889 1564 939 legem

155 949 292 1000 ipsum
322 948 533 987 hominem
569 948 869 995 calumniabat,
906 953 948 986 et
980 960 1020 986 se
1052 947 1200 986 exinde
1233 947 1347 986 omni
1378 952 1564 998 tempore

157 1007 384 1046 taciturum
406 1019 491 1045 esse
514 1007 755 1058 spopondit.
794 1006 1019 1057 Propterea
1041 1011 1298 1057 oportunum
1321 1006 1401 1045 fuit
1422 1006 1564 1057 ipsius,

157 1071 205 1105 ut
241 1065 349 1105 hanc
385 1065 581 1104 notitiam
619 1079 670 1104 ex
707 1064 786 1104 hoc
823 1065 1010 1116 accipere
1048 1065 1238 1114 deberet3
1278 1065 1389 1116 quod
1428 1065 1486 1104 ita
1524 1069 1566 1104 et
1601 1068 1647 1102 15

156 1124 268 1164 fecit.
319 1124 393 1163 His
424 1124 686 1176 presentibus
718 1129 860 1163 actum
893 1124 986 1163 fuit.

157 1184 201 1222 F.
229 1184 485 1222 Turoneness
514 1183 573 1230 (Z.
607 1183 647 1223 S.
678 1183 767 1231 157,
796 1196 837 1222 n.
866 1184 948 1231 41).
994 1195 1031 1222 a.
1058 1182 1287 1222 700—750.

319 1370 382 1410 38.
420 1371 500 1422 Qui
530 1383 570 1409 se
602 1371 642 1410 in
674 1371 845 1410 alterius
876 1375 1089 1422 potestate
1121 1371 1402 1409 commendat.

240 1453 419 1492 Domino
443 1453 669 1503 magnifico
694 1453 762 1491 illo
793 1465 867 1503 ego
898 1453 1007 1492 enim
1038 1453 1117 1491 ille.
1169 1453 1280 1491 Dum
1306 1457 1348 1491 et
1373 1452 1567 1491 omnibus

157 1511 336 1550 habetur
376 1512 679 1563 percognitum,
721 1512 900 1563 qualiter
941 1524 1014 1562 ego
1055 1511 1225 1550 minime
1266 1511 1414 1560 habeO,
1458 1511 1568 1550 unde
1602 1518 1648 1551 20

157 1583 222 1609 me
254 1583 417 1622 pascere
449 1571 515 1609 vel
545 1570 696 1610 vestire
728 1571 917 1619 debeam,
949 1571 1041 1609 ideo
1072 1570 1174 1621 petii
1204 1570 1355 1622 pietati
1385 1575 1565 1618 vestrae,

157 1634 199 1668 et
218 1629 320 1668 mihi
339 1629 522 1668 decrevit
541 1629 752 1678 voluntas,
774 1634 822 1668 ut
841 1643 906 1668 me
927 1629 968 1668 in
989 1635 1177 1668 vestrum
1198 1629 1566 1668 mundoburduml

157 1688 321 1727 tradere
346 1688 411 1727 vel
436 1688 727 1727 commendare
751 1688 964 1737 deberem,
991 1689 1101 1740 quod
1122 1688 1181 1727 ita
1200 1693 1241 1727 et
1265 1688 1360 1737 feci3
1387 1701 1433 1727 eo
1452 1688 1566 1727 vide-

157 1747 254 1785 licet
285 1747 422 1795 modo,
454 1752 502 1786 ut
532 1760 597 1786 me
630 1752 719 1786 tam
751 1748 800 1786 de
832 1747 949 1786 victu
982 1759 1109 1799 quam
1141 1752 1183 1786 et
1214 1747 1264 1786 de
1297 1747 1566 1795 vestimentO,

157 1805 281 1855 juxta
317 1806 426 1857 quod
462 1805 582 1845 vobis
617 1806 767 1845 servire
803 1811 845 1845 et
879 1806 1104 1858 promereri
1139 1811 1328 1857 potuero,
1365 1806 1564 1845 adiuvare
1600 1812 1647 1846 25

158 1864 225 1903 vel
252 1865 461 1903 consolare
489 1865 655 1913 debeas,
683 1870 725 1903 et
751 1865 851 1904 dum
879 1878 953 1916 ego
980 1865 1021 1904 in
1049 1865 1185 1916 capud
1213 1865 1426 1913 advixero,
1454 1865 1565 1915 inge-

157 1923 260 1962 nuili
281 1923 422 1962 ordine
445 1923 522 1962 tibi
543 1924 764 1963 servicium
787 1924 851 1963 vel
874 1924 1120 1975 obsequium
1143 1923 1366 1975 inpendere
1389 1923 1564 1962 debeam

158 1986 201 2020 et
224 1982 274 2020 de
300 1987 438 2021 vestra
463 1987 674 2034 potestate
699 1983 764 2022 vel
790 1982 1085 2022 mundoburdo
1110 1987 1298 2033 tempore
1324 1982 1436 2021 vitae
1448 1994 1564 2021 meae

158 2045 414 2092 potestatem
463 2054 547 2080 non
598 2041 777 2080 habeam
829 2041 1116 2090 subtrahendi,
1168 2041 1247 2080 nisi
1297 2041 1372 2080 sub
1424 2046 1565 2080 vestra

157 2104 368 2150 potestate
394 2099 459 2138 vel
485 2100 723 2139 defensione
749 2100 896 2139 diebus
921 2100 1034 2140 vitae
1060 2113 1176 2139 meae
1203 2100 1378 2139 debeam
1404 2112 1566 2152 perma-
1600 2109 1647 2142 30

157 2171 267 2197 nere.
293 2157 412 2198 Unde
431 2159 640 2208 convenit,
659 2164 721 2208 ut,
740 2159 772 2198 si
789 2172 897 2198 unus
914 2172 965 2198 ex
981 2159 1101 2198 nobis
1117 2159 1168 2198 de
1186 2158 1261 2198 has
1279 2158 1566 2198 convenentiis

160 2229 201 2255 se
234 2222 421 2256 emutare
453 2217 645 2267 voluerit,
678 2218 830 2257 solidos
862 2223 1005 2257 tantos
1036 2217 1127 2269 pari
1158 2230 1231 2257 suo
1264 2222 1491 2269 conponat,
1523 2222 1566 2256 et

161 2275 252 2327 ipsa
277 2276 554 2315 convenentia
580 2276 701 2316 firma
726 2282 988 2328 permaneat3
1016 2277 1125 2316 unde
1152 2277 1362 2325 convenit,
1389 2281 1436 2316 ut
1461 2277 1566 2316 duas

159 2334 356 2385 epistolas
384 2347 466 2373 uno
495 2339 636 2374 tenore
665 2336 922 2387 conscriptas
948 2349 999 2375 ex
1026 2335 1104 2374 hoc
1132 2335 1240 2375 inter
1269 2348 1309 2375 se
1338 2336 1470 2375 facere
1499 2335 1565 2374 vel

159 2392 382 2432 adfirmare
411 2393 629 2442 deberent;
660 2395 771 2446 quod
801 2394 860 2434 ita
888 2399 930 2434 et
958 2395 1160 2434 fecerunt.
1602 2402 1647 2438 35

159 2451 204 2490 F.
231 2451 487 2491 Turonenses
515 2452 574 2499 (Z.
606 2452 647 2492 S.
677 2453 766 2501 158,
794 2467 835 2492 n.
863 2453 945 2502 43).
991 2466 1028 2493 a.
1055 2453 1285 2493 700—750.

262 2576 274 2596 ¹
307 2588 375 2610 aas
407 2576 671 2611 munburdum
704 2577 854 2612 besserce
884 2590 912 2612 c.
