1895 2990
801 124 989 162 -7—

192 242 267 269 sua
295 230 451 281 scripta
480 242 603 281 quem
632 228 851 280 prosequio
881 228 1006 278 gestis
1035 227 1371 279 municipalibus,
1403 233 1450 267 ut
1479 229 1598 268 abuit

192 289 359 328 karetas
388 293 542 337 vestra,
587 287 840 338 alegassetis.
888 287 929 325 It
958 286 1100 325 fecisse
1130 286 1251 325 vobis
1280 299 1331 325 ex
1359 299 1472 325 more
1504 299 1597 326 con-

191 347 269 386 scri
302 347 385 386 se.“

189 406 234 445 Τ.
266 360 577 445 11111130317311333
609 404 668 451 (Ζ.
705 403 744 443 S.
778 404 900 452 4-5,
932 417 973 442 11.
1008 404 1061 452 1).
1119 404 1391 443 afim—515.

685 533 747 571 11.
780 532 1112 571 Obsolutionem.

268 603 464 642 Liberum
505 615 590 641 esse
632 603 852 651 credimus,
895 602 1006 654 quod
1047 602 1236 642 Christus
1278 616 1348 654 per
1393 602 1596 654 Spiritum

187 667 380 701 sanctum
426 666 468 701 et
514 661 772 713 baptismum
819 661 1033 700 lavacrum
1072 661 1306 712 generavit3
1358 661 1462 700 bene
1500 674 1595 700 con-

186 721 316 769 venit,
359 725 407 759 ut
448 720 741 759 dimitentibus
782 720 926 759 debita
967 720 1218 759 dimitantur
1259 725 1447 771 peccata.
1508 720 1595 770 Ego

185 779 296 818 enim
326 779 368 818 in
401 779 477 817 Dei
506 791 659 818 nomen
689 779 755 818 ille
786 784 829 818 et
860 779 1056 818 coniuves
1086 791 1179 818 mea
1210 779 1279 818 illa
1309 792 1380 830 pre
1410 779 1592 818 remedio

185 838 322 877 anime
351 843 518 877 nostrae
547 838 613 876 vel
641 850 715 889 pro
745 843 959 877 aeternam
986 837 1307 877 retributionem
1336 837 1592 877 obsolvimus

185 909 210 936 a
246 897 312 936 die
349 901 541 948 presente
579 909 698 935 servo
735 901 879 935 nostro
918 896 986 935 illo
1024 909 1108 935 una
1145 909 1239 935 cum
1278 896 1460 936 infantes
1497 908 1593 935 suos

185 955 278 994 illus
313 961 356 994 et
390 955 496 1003 illus,
534 968 612 1006 que
648 955 698 994 de
735 955 852 994 alode
888 960 1160 1006 parentorum
1196 968 1384 994 meorum
1420 955 1485 994 vel
1520 967 1593 1006 pre

184 1014 410 1053 cessionem
433 1019 552 1053 extra
575 1014 834 1053 consorcium
858 1013 1057 1053 heredum
1078 1026 1222 1052 eorum
1242 1013 1345 1052 mihi
1362 1013 1549 1062 obvenit,
1569 1026 1593 1052 a

182 1073 248 1111 die
267 1078 456 1124 presente
474 1085 547 1124 pro
567 1073 728 1112 animas
745 1078 911 1111 nostras
928 1072 1158 1111 remedium
1178 1072 1413 1123 [ingenuos]
1434 1073 1593 1111 relaxa-

182 1144 289 1180 mus,
317 1136 365 1170 ut
391 1131 442 1170 ab
470 1144 518 1170 ac
543 1131 608 1170 die
636 1131 714 1170 sibi
740 1132 903 1180 vivant,
931 1131 1009 1170 sibi
1035 1136 1177 1182 agant,
1205 1131 1283 1170 sibi
1309 1131 1484 1178 laboret,
1513 1130 1591 1170 sibi

181 1195 455 1230 nutramenta
493 1190 702 1242 proficiat,
742 1202 948 1241 suumque
987 1190 1074 1229 iure
1112 1190 1356 1229 commissos
1397 1193 1509 1229 euml
1549 1194 1591 1229 et

182 1248 444 1288 intromissus
468 1249 509 1287 in
533 1249 720 1288 ordinem
745 1249 898 1288 civium
923 1249 1207 1288 Romanorum
1230 1249 1417 1299 ingenuis
1441 1261 1481 1287 se
1503 1261 1588 1287 esse

182 1313 450 1358 cognoscant,
480 1313 528 1347 ut
557 1313 653 1359 post
682 1320 729 1347 ac
759 1308 823 1347 die
853 1321 986 1359 neque
1017 1307 1070 1347 ad
1100 1308 1208 1346 ullus
1238 1307 1458 1347 heredibus
1488 1307 1591 1346 meis

148 1378 153 1382 ·
181 1366 375 1406 servitius
404 1379 479 1405 nec
510 1366 749 1406 letimonius
773 1370 841 1406 ne²
867 1379 972 1406 onus
997 1366 1213 1418 patronati
1243 1379 1318 1405 nec
1348 1366 1464 1405 nulla
1495 1366 1590 1405 obe-

179 1425 339 1464 dientia
362 1425 419 1464 eis
442 1437 526 1464 non
549 1426 800 1477 requiratur,
826 1425 905 1465 nisi
929 1425 1019 1464 iant
1042 1430 1084 1464 et
1108 1430 1309 1464 maneant
1333 1425 1587 1476 ubicumque

180 1483 402 1533 voluerint,
435 1489 553 1536 porte
586 1489 743 1536 aperte,
778 1485 887 1523 cives
924 1485 1113 1523 Romana
1147 1497 1187 1523 se
1220 1497 1306 1523 esse
1340 1488 1586 1535 agnoscant.

182 1542 473 1582 Defensionem
505 1555 602 1582 vero
634 1548 723 1582 tam
755 1543 937 1582 aecclesia
968 1543 1033 1581 vel
1058 1543 1265 1582 ominem³
1289 1544 1423 1582 Deum
1440 1543 1588 1582 timen-

179 1601 287 1640 tium
315 1601 566 1653 ubicumque
595 1602 779 1654 expetire
809 1602 1038 1650 volueritis,
1067 1602 1197 1641 libera
1219 1607 1262 1641 et
1285 1601 1523 1641 firmissima
1546 1601 1588 1640 in

179 1660 372 1699 omnibus
403 1660 592 1700 habeatis
623 1666 879 1712 potestatem
915 1661 967 1700 ad
998 1660 1076 1699 hoc
1116 1660 1354 1700 faciendum
1397 1660 1588 1712 quicquit

178 1719 408 1758 volueritis.

178 1777 222 1816 F.
251 1777 528 1818 Arvernenses
558 1778 617 1826 (Z.
650 1778 690 1819 S.
720 1779 785 1827 30,
815 1792 854 1817 n.
886 1779 940 1827 4).
987 1791 1023 1817 3.
1050 1778 1280 1818 500—550.

310 1906 370 1945 12.
404 1907 644 1946 Indecolum
675 1907 1074 1947 communiturium*
1106 1908 1159 1946 ad
1189 1907 1445 1959 episcopum.

259 1965 438 2004 Domino
464 1971 609 2005 sancto
635 1971 677 2005 et
702 1966 932 2018 apostolica
958 1967 1052 2006 sede
1079 1966 1268 2015 colendo,
1295 1966 1451 2005 domno
1477 1970 1520 2005 et
1547 1965 1588 2005 in

177 2023 340 2063 Christo
370 2024 482 2075 patri
511 2024 580 2064 illo
611 2025 805 2077 episcopo
837 2025 902 2064 ille
933 2038 1019 2064 rex.
1068 2025 1233 2073 Fidelis,
1270 2026 1355 2064 Deo
1388 2024 1585 2076 propitio,

174 2087 316 2121 noster
345 2082 410 2121 ille
439 2083 492 2122 ad
521 2084 774 2135 presentiam
803 2089 991 2123 nostram
1020 2084 1190 2123 veniens
1218 2084 1422 2134 suggessit
1449 2083 1583 2132 nobis,

175 2153 223 2180 eo
257 2141 369 2192 quod
401 2141 500 2181 villa
532 2142 672 2194 aliqua
702 2147 974 2194 nuncupante
1007 2143 1091 2191 illa,
1125 2143 1237 2194 quod
1270 2143 1323 2182 ad
1355 2143 1502 2182 eodem
1534 2142 1584 2181 dc

175 2205 293 2251 parte
327 2200 436 2239 illius
469 2201 683 2252 pervenire
717 2202 934 2250 debuerat,
969 2207 1066 2253 post
1099 2214 1174 2241 vos
1209 2201 1435 2241 reteneatis
1469 2201 1584 2241 inde-

174 2258 302 2308 bitae,
330 2263 373 2298 et
398 2259 514 2298 nulla
539 2259 701 2300 iustitia
727 2260 946 2300 vobiscum
973 2260 1026 2299 ob
1055 2260 1133 2300 hoc
1160 2260 1292 2312 possit
1318 2273 1582 2312 consequere.

176 2317 402 2369 Propterea
438 2323 673 2369 presentem
710 2319 946 2359 indecolum
983 2319 1037 2359 ad
1075 2332 1271 2358 coronam
1308 2318 1584 2358 beatitudinis

174 2381 337 2415 vestrae
360 2376 600 2426 direximus,
624 2382 673 2417 ut
695 2383 737 2417 et
759 2391 833 2430 pro
856 2391 931 2417 nos
955 2390 1069 2417 orare
1092 2377 1281 2417 debeatis
1304 2382 1359 2426 et,
1384 2377 1418 2417 si
1440 2377 1580 2416 taliter

174 2439 333 2484 agetur,
359 2435 573 2475 antedicto
599 2435 667 2475 illo
691 2436 742 2476 de
767 2437 1051 2488 suprascribta
1076 2436 1172 2476 villa
1199 2437 1358 2487 legibus
1383 2436 1579 2476 revestire

276 2541 288 2561 ¹
322 2542 501 2577 vielleichc
528 2552 618 2577 esse.
654 2562 692 2567 —-
723 2542 737 2563 2
765 2553 826 2583 ne,
853 2555 889 2585 c;
921 2553 1000 2586 nec,
1030 2543 1068 2578 Z.
1097 2563 1135 2568 —
1159 2543 1174 2564 3
1197 2543 1264 2578 lies
1295 2543 1508 2579 hominum.

1623 843 1671 876 10

1623 1136 1667 1170 15

1620 1433 1666 1466 20

1619 1726 1663 1761 25

1617 2093 1662 2127 30

1614 2386 1658 2421 35
