1895 2990
735 143 956 181 —29—

140 262 225 288 non
241 249 503 297 dimiserunt,
521 253 563 287 et
578 248 747 286 minime
764 259 859 286 suas
874 259 1093 298 procurare
1110 251 1251 298 potest
1266 247 1552 295 necessitates,

142 307 234 346 ideo
258 320 343 346 una
366 320 462 346 cum
485 319 688 346 consensu
712 305 963 357 primatibus
988 305 1172 344 civitatis
1196 305 1395 344 convenit
1418 306 1551 353 nobis,

141 371 190 405 ut
216 366 361 405 istiusl
387 365 529 417 patrui
555 377 629 403 suo
658 377 743 403 una
770 377 865 403 cum
892 364 1033 402 omnia
1059 364 1173 403 bona
1199 376 1288 412 sua,
1317 364 1430 402 facto
1457 376 1552 403 con-

141 424 296 476 scripto
315 437 452 463 rerum
472 423 756 469 inventarum,
776 423 813 461 ei
832 422 908 461 sub
928 422 1067 461 officio
1088 422 1240 461 tutoris
1258 422 1551 461 commendare

139 483 396 530 deberimus;
432 482 543 533 quod
578 482 638 520 ita
671 486 713 520 et
747 481 933 530 fecimus,
968 493 1016 520 ea
1049 493 1146 520 vero
1180 481 1356 530 ratione,
1390 485 1439 520 ut
1471 493 1543 532 per

140 542 298 580 nullam
333 540 620 579 occasionem2
656 539 886 591 supradicti
919 539 1067 591 pupilli
1094 539 1316 588 hereditas,
1353 539 1552 591 quicquid

141 600 183 639 in
217 612 324 651 pago
360 599 443 647 illo,
480 599 522 638 in
556 598 677 637 villas
712 604 1006 650 nuncupantes
1042 599 1146 647 illas,
1182 598 1350 637 videtur
1385 597 1552 647 habere,

140 671 223 697 non
252 658 477 706 minuetur,
508 658 579 696 sed
608 657 718 708 ipsas
746 670 810 696 res
832 657 898 696 vel
927 657 1137 708 mancipia
1160 662 1287 708 atque
1317 657 1449 695 omni3
1478 669 1552 696 sua

140 716 377 756 substantia
420 716 639 767 diligenter
681 716 846 755 excolat
887 721 929 755 et
971 716 1108 767 ipsum
1150 716 1358 767 pupillum
1402 715 1552 754 exinde

137 775 297 814 nutrire
331 775 396 814 vel
428 775 663 814 ministrare
698 775 844 822 faciat;
878 780 920 814 et
953 775 998 823 si,
1034 775 1120 813 Deo
1153 775 1349 826 propitio,
1383 774 1424 813 in
1457 787 1547 826 per-

138 834 294 872 fectam
321 834 484 873 venerit
510 838 708 882 aetatem,
736 834 875 873 omnia
902 833 939 872 ei
965 834 1193 872 secundum
1220 833 1320 884 legis
1346 833 1551 880 ordinem,

138 905 232 931 cum
263 893 503 943 integritate
534 897 714 940 servata,
746 893 988 931 reddantur.
1038 892 1157 932 Unde
1189 892 1386 931 convenit
1416 891 1551 940 nobis,

137 956 186 990 ut
209 952 314 990 duas
338 951 534 1002 epistolas
558 964 643 990 uno
668 956 810 990 tenore
836 951 1093 1002 conscriptas
1117 951 1266 989 exinde
1292 951 1551 990 conscribere

138 1009 204 1048 vel
229 1010 452 1049 adfirmare
478 1009 732 1058 deberimus;
760 1010 871 1061 quod
898 1010 957 1049 ita
982 1015 1024 1048 et
1049 1009 1241 1058 fecimus;
1268 1022 1352 1048 una
1379 1010 1551 1061 quidem

139 1069 221 1107 iam
243 1069 381 1107 dictus
403 1073 578 1120 patruus
601 1081 698 1107 suus
721 1081 859 1107 secum
882 1067 1099 1117 retineat4,
1123 1068 1253 1107 altera
1276 1081 1373 1107 vero
1397 1068 1547 1120 aliquis

138 1127 263 1166 homo
299 1128 466 1166 nomine
504 1127 572 1166 illo
609 1128 658 1166 de
695 1140 823 1166 manu
860 1132 1003 1166 nostra
1040 1127 1105 1165 vel
1142 1127 1225 1165 iam
1262 1127 1365 1166 dicti
1401 1127 1549 1178 pupilli

139 1186 352 1237 suscipiat,
379 1191 427 1225 ut
452 1186 604 1225 futuris
630 1186 904 1237 temporibus,
926 1186 1012 1224 Deo
1031 1186 1279 1234 auxiliante,
1301 1186 1377 1224 sub
1401 1185 1549 1224 testifi-

137 1245 300 1284 catione
330 1245 533 1284 honorum
562 1245 760 1293 virorum,
792 1245 863 1296 qui
892 1245 1034 1284 subter
1064 1249 1260 1283 tenentur
1290 1244 1447 1293 inserti,
1478 1257 1550 1295 per

139 1303 272 1354 ipsam
306 1316 400 1343 cum
432 1304 546 1342 omni
579 1304 820 1354 integritate
854 1304 993 1342 omnia
1026 1316 1101 1342 sua
1133 1303 1293 1353 exigere
1327 1303 1492 1342 debeat.

136 1362 181 1412 F.
209 1363 464 1401 'I'uronenses
494 1363 552 1409 (Z.
585 1362 624 1402 S.
658 1362 745 1410 148,
774 1376 813 1401 n.
843 1363 924 1411 24).
972 1376 1008 1401 a.
1038 1362 1268 1402 700—750.

811 1458 874 1495 41.

221 1515 384 1554 Sanctis
413 1528 460 1554 ac
488 1515 798 1554 venerabilibus
827 1516 954 1566 digna
984 1516 1176 1567 claraque
1207 1515 1391 1554 culmina
1421 1527 1552 1554 sacer-

137 1574 301 1622 dotum,
332 1586 475 1624 regum
505 1579 547 1613 et
576 1574 851 1625 ponteficum,
882 1574 1098 1625 episcopis,
1129 1574 1384 1625 presbiteris,
1415 1574 1551 1612 diaco-

139 1632 277 1681 nibus,
306 1632 531 1672 abbatibus
560 1638 686 1685 atque
716 1633 950 1683 magnificis
978 1633 1078 1671 viris
1106 1633 1172 1671 vel
1195 1633 1385 1672 omnium
1416 1633 1551 1671 Deum

137 1691 381 1730 timencium
423 1704 496 1742 ego
539 1692 581 1731 in
626 1692 701 1731 Dei
742 1705 895 1731 nomen
938 1692 1002 1730 ille
1045 1697 1252 1743 peccator.
1311 1692 1546 1742 Cognuscat

136 1750 450 1800 magnificentia
481 1751 547 1789 vel
572 1751 775 1790 sanctitas
803 1756 962 1790 vestra:
997 1751 1073 1789 iste
1096 1751 1374 1802 pauperculus
1394 1763 1547 1789 nomen

137 1808 208 1857 illi,
240 1809 463 1848 insidiante
494 1809 613 1848 host-e
645 1810 835 1861 antiquo,
867 1815 1056 1861 serpente
1088 1809 1272 1857 diabulo,
1304 1821 1549 1860 germanum

137 1879 259 1906 suum
291 1867 519 1916 interfexit,
551 1874 592 1907 et
623 1881 698 1907 nos
730 1869 959 1907 secundum
991 1868 1192 1907 canonica
1223 1868 1477 1907 auctoritate
1509 1867 1551 1906 in

137 1926 260 1964 exilio
301 1926 482 1966 diximus
524 1927 753 1966 ambulare.
812 1927 867 1966 Et
907 1940 982 1966 nos
1024 1927 1104 1966 toti
1144 1927 1349 1978 peregrini
1390 1927 1431 1965 in
1472 1926 1551 1965 hoc

137 1985 273 2023 seculo
315 1998 515 2025 summus.
575 1986 800 2037 Propterea
842 1999 1059 2037 precamus
1100 1986 1303 2037 pietatem
1344 1990 1545 2033 vestram,

137 2048 184 2082 ut
212 2043 300 2095 ipso
335 2044 513 2095 recipere
550 2050 592 2084 et
627 2044 861 2084 benefacire
898 2045 939 2084 in
968 2044 1164 2083 domibus
1189 2044 1339 2083 vestris
1366 2044 1546 2095 dignetis

137 2103 367 2141 secundum
393 2103 487 2142 illut
512 2104 624 2155 quod
651 2104 853 2155 scriptum
879 2109 960 2142 est:
989 2104 1086 2155 quia
1112 2104 1398 2155 unusquisque.
1424 2103 1549 2142 homo

137 2161 180 2199 in
212 2161 391 2200 veritate
422 2161 564 2211 habet,
597 2163 708 2214 quod
740 2163 914 2214 plangat
945 2167 987 2201 et
1017 2162 1208 2214 penetiat
1239 2162 1303 2201 die
1335 2175 1383 2201 ac
1406 2167 1548 2209 noctu,

135 2224 183 2258 ut
208 2219 355 2270 lugiat,
382 2221 610 2260 secundum
637 2222 753 2260 illum
780 2221 1042 2272 evangelium
1068 2234 1140 2272 per
1159 2234 1230 2260 sex
1251 2234 1372 2273 opere
1394 2220 1549 2259 miseri-

135 2278 313 2317 cordiae.
347 2279 502 2318 Taliter
532 2280 706 2319 almetas
738 2285 879 2319 vestra
896 2280 1044 2319 exinde
1062 2280 1203 2328 faciat,
1221 2285 1269 2319 ut
1285 2280 1544 2319 mercedaem

135 2337 422 2388 perpetualem
451 2338 599 2377 exinde
625 2338 777 2378 habere
804 2339 994 2390 possetis.
1041 2339 1190 2379 Gracia
1219 2339 1388 2377 Domini
1413 2338 1546 2378 nostri

139 2395 232 2435 Iesu
263 2395 417 2435 Christi
446 2396 565 2435 vobis
595 2409 755 2449 semper
786 2398 987 2437 abundet.
1046 2399 1196 2437 Amen.

139 2454 184 2492 F.
215 2454 490 2494 Bituricenses
522 2456 580 2503 (Z.
615 2456 656 2495 S.
690 2456 779 2505 173,
810 2470 851 2495 n.
886 2456 966 2506 13).
1012 2469 1048 2496 a.
1075 2456 1306 2496 750—800.

238 2525 250 2546 1
272 2526 338 2559 lies
370 2526 500 2561 istum.
535 2546 584 2550 —-
617 2526 631 2547 ²
661 2527 928 2561 occansionem
957 2528 990 2562 A
1019 2529 1054 2569 3,
1084 2527 1126 2562 B.
1165 2547 1214 2552 -
1250 2527 1264 2547 ³
1293 2527 1425 2562 omnia
1453 2528 1485 2561 A
1509 2529 1548 2569 33

136 2587 249 2612 omne
277 2578 320 2613 B.
358 2599 393 2603 -
427 2579 633 2614 ⁴reteneat
663 2579 705 2614 B.

1589 780 1636 813 10

1588 1072 1634 1106 15

1588 1368 1634 1400 20

1589 1696 1633 1730 25

1588 1993 1634 2027 30

1588 2286 1631 2321 35
