1895 2990
770 160 961 200 -3-

166 278 397 317 numquam
429 266 611 314 fecisset,
643 265 814 316 proinde
846 264 924 315 ipsi
954 264 1012 303 illi
1043 269 1140 303 ante
1172 264 1291 303 bonis
1322 264 1569 304 hominebus

166 325 376 374 convenit,
408 329 456 363 ut
485 324 593 363 hanc
622 323 799 374 epistola
829 323 961 362 facere
991 323 1166 372 deberit,
1197 328 1246 362 ut
1274 323 1568 374 nullumquam

166 388 352 435 tempore
379 387 525 422 contra
551 382 639 433 ipso
667 394 785 432 agere
812 394 896 420 non
922 386 1151 433 presumat.
1201 382 1322 434 Quod
1350 382 1383 420 si
1409 382 1467 420 illi
1494 387 1570 421 aut

166 441 306 493 aliqua
340 453 514 493 persona
549 440 602 479 ad
636 440 770 479 vicem
805 452 923 479 suam
958 440 1049 491 ipsa
1084 452 1209 479 causa
1242 440 1443 479 resultare
1479 453 1568 491 pre-

167 500 371 548 sumserit,
414 499 580 538 soledus
622 503 767 537 tantus
809 499 916 537 inter
958 499 1037 537 tibi
1087 504 1130 537 et
1180 499 1282 538 fisco
1334 511 1568 550 conponere

165 558 322 606 debiat,
343 563 385 596 et
406 557 517 608 quod
537 557 690 608 repetit
710 550 929 596 vindec'are
951 570 1035 596 non
1056 557 1213 606 valeat,
1235 562 1277 596 et
1298 557 1373 596 hec
1393 557 1570 608 epistola

166 617 287 656 firma
315 616 564 667 permaniat.

165 676 210 714 F.
239 675 551 714 Andecavenses
582 675 641 722 (Z.
677 675 716 714 S.
749 674 811 723 19,
842 688 882 713 n.
914 675 996 724 43).
1030 675 1066 714 7.
1097 675 1166 716 Jh.

165 804 202 842 6.
233 803 386 855 Incipit
414 803 587 852 noticia,
617 817 740 855 quem
768 803 988 843 homenem
1017 804 1058 843 in
1086 816 1211 843 causa
1239 817 1312 843 sua
1339 804 1570 855 repellavit.

249 874 427 923 Noticia,
468 874 644 925 qualiter
684 874 853 913 veniens
892 874 950 912 illi
986 874 1223 913 Andecavis
1262 874 1434 913 civitate
1473 879 1571 913 ante

165 933 401 972 venerabile
434 932 496 970 vir
529 932 598 971 illo
632 932 778 971 abbati
820 933 885 971 vel
917 933 1084 984 reliquis
1120 945 1247 984 quam
1280 933 1417 984 plures
1450 933 1569 972 bonis

166 991 419 1039 hominibus,
448 991 518 1042 qui
544 1004 638 1030 cum
666 991 743 1042 ipsi
770 992 985 1040 aderuntl,
1013 991 1129 1030 cuius
1155 992 1326 1030 nomina
1353 992 1418 1030 vel
1445 992 1570 1043 scrip-

166 1050 353 1089 cionibus
383 1050 517 1101 adque
548 1050 807 1100 signaculum
838 1050 979 1089 subter
1011 1051 1228 1089 teniuntur
1252 1050 1420 1099 inserta,
1444 1050 1570 1089 inter-

166 1108 340 1160 pellavit
374 1109 501 1147 alicus
536 1108 714 1147 hominis
749 1108 812 1147 his
846 1109 1085 1147 nominibus
1120 1109 1213 1148 illus
1249 1114 1291 1148 et
1326 1109 1432 1158 illus,
1468 1110 1569 1148 dum

165 1167 327 1216 dicerit,
353 1167 470 1218 quasi
494 1167 607 1206 vinia
631 1180 706 1206 sua
730 1167 771 1206 in
795 1167 884 1206 loco
908 1173 1176 1218 noncupante
1202 1168 1271 1206 illo
1296 1168 1403 1206 male
1428 1168 1570 1207 ordine

165 1226 419 1277 pervasissit.
445 1226 550 1277 Quia
569 1226 653 1277 ipse
672 1226 730 1265 illi
747 1231 789 1265 et
806 1226 864 1264 illi
881 1226 1020 1265 taliter
1038 1227 1079 1265 in
1097 1239 1297 1278 respunso
1315 1226 1569 1276 [dederunt],

168 1285 279 1336 quod
318 1286 488 1324 autore*
526 1284 741 1324 habebant
776 1285 961 1335 legitimo
998 1297 1151 1324 nomen
1184 1285 1253 1324 illo
1279 1285 1447 1334 maiore,
1473 1285 1571 1337 quia

166 1343 254 1394 ipsa
283 1343 397 1382 vinia
424 1344 477 1382 ad
504 1356 573 1382 eos
599 1343 766 1392 dedissi,
802 1344 859 1382 sic
886 1344 939 1382 ab
968 1344 1066 1395 ipsis
1095 1343 1193 1382 viris
1222 1344 1280 1382 illi
1307 1344 1388 1383 fuit
1414 1345 1571 1383 denon-

155 1402 337 1450 'ciatum,
361 1407 409 1441 ut
430 1402 495 1441 die
519 1402 587 1441 illo
610 1402 846 1441 Andecavis
870 1402 1049 1442 civetate
1074 1403 1162 1454 ipso
1187 1403 1255 1441 illo
1279 1403 1320 1442 in
1344 1403 1569 1442 autericio*

165 1466 405 1512 presentare
430 1461 611 1509 deberit,
638 1474 679 1499 se
705 1461 783 1500 hoc
807 1474 891 1500 non
918 1462 1098 1510 facebat,
1125 1474 1219 1500 cum
1244 1462 1343 1512 legis
1368 1461 1570 1501 beneficio

166 1519 255 1570 ipso
286 1519 354 1558 illo
384 1519 434 1558 de
465 1520 553 1571 ipsa
584 1520 697 1559 vinia
727 1520 949 1559 revestire*
981 1520 1165 1560 deberet.

167 1577 210 1616 F.
247 1578 557 1617 Andecavenses
595 1579 652 1625 (Z.
695 1579 734 1619 S.
772 1579 836 1627 21,
873 1592 913 1618 n.
951 1579 1033 1628 47).
1066 1580 1102 1618 7.
1140 1581 1202 1620 JS.

646 1708 682 1747 7.
716 1707 868 1759 Incipit
895 1708 1092 1759 judicius.

249 1777 455 1816 Eveniens
482 1778 540 1816 illi
567 1778 803 1817 Andecavis
832 1778 1012 1818 civetate
1042 1784 1138 1818 ante
1168 1779 1236 1817 illo
1265 1779 1476 1830 preposito
1506 1779 1571 1818 vel

166 1835 332 1887 reliquis
371 1836 623 1885 hominibus,
664 1837 735 1888 qui
772 1850 867 1876 cum
906 1850 952 1876 eo
991 1837 1237 1886 adherunt2,
1277 1838 1573 1889 interpellabat

167 1894 307 1946 aliquo
336 1894 500 1934 homine
529 1908 681 1935 nomen
710 1896 792 1945 illo,
823 1897 941 1948 quasi
970 1897 1167 1936 animalia
1197 1909 1270 1948 per
1299 1909 1372 1936 sua
1401 1902 1571 1936 menata

170 1952 292 1992 heos3
323 1954 481 1993 dicere*
514 1954 735 2004 habuissit,
771 1961 813 1994 et
845 1956 935 2007 ipsa
963 1956 1161 1995 animalia
1193 1968 1264 2007 per
1296 1968 1369 1994 sua
1401 1960 1571 1994 menata

167 2012 330 2063 aliquas
367 2018 526 2052 mortas
563 2013 746 2062 fuerant,
778 2019 820 2053 et
860 2015 951 2066 ipsa
993 2026 1142 2066 pecora
1177 2015 1233 2053 illi
1269 2014 1569 2063 excorticassit,

168 2076 398 2123 posteaque
428 2077 586 2111 mortas
615 2073 798 2112 fuerunt.
838 2073 1150 2124 Interrogatum
1183 2074 1263 2112 fuit
1292 2073 1370 2124 ipsi
1398 2073 1468 2122 illi,
1500 2073 1572 2125 qui

166 2129 216 2168 de
239 2129 317 2168 hac
339 2143 463 2169 causa
490 2142 692 2182 respunso
715 2132 838 2171 darit.
877 2132 932 2171 Et
957 2132 1036 2183 ipsi
1060 2132 1115 2170 illi
1134 2132 1276 2172 taliter
1293 2132 1458 2171 locutus
1476 2132 1571 2181 fuit,

168 2188 279 2239 quod
315 2201 390 2227 nec
423 2201 499 2228 sua
536 2190 732 2230 animalia
764 2203 997 2242 numquam
1028 2191 1245 2240 menassit,
1279 2203 1355 2230 nec
1389 2204 1460 2243 per
1494 2204 1570 2230 sua

167 2252 337 2287 menata
368 2248 458 2299 ipsa
491 2249 688 2288 animalia
721 2249 887 2300 digere*
916 2262 1151 2302 numquam
1173 2249 1396 2299 habuissit,
1419 2262 1497 2289 nec
1519 2250 1569 2289 de

167 2318 316 2345 manus
357 2318 453 2346 suas
493 2308 771 2348 excorticatas
808 2321 1041 2360 numquam
1084 2309 1274 2348 fuissent.
1342 2309 1570 2360 Propterea

168 2365 305 2404 visum
334 2365 414 2404 fuit
440 2366 492 2404 ad
529 2366 619 2417 ipso
649 2367 862 2418 proposito
896 2368 962 2406 vel
996 2368 1065 2419 qui
1098 2380 1193 2407 cum
1229 2380 1276 2406 eo
1302 2368 1493 2417 aderant,
1522 2373 1570 2407 ut

167 2423 210 2462 in
241 2428 386 2463 noctes
420 2429 566 2463 tantas
603 2431 706 2476 aput
735 2425 926 2465 homines
956 2431 1104 2466 tantus
1134 2427 1213 2478 ipsi
1238 2427 1295 2465 illi
1324 2427 1365 2465 in
1388 2427 1571 2466 basileca

167 2481 311 2521 domni
338 2482 445 2522 illius
474 2495 668 2522 excusare
687 2484 860 2524 deberit.
894 2485 943 2525 Se
961 2484 1039 2524 hoc
1056 2485 1190 2524 facere
1210 2485 1400 2536 potebat,
1424 2486 1474 2525 de
1492 2485 1570 2524 hac

268 2587 281 2609 ¹
310 2589 396 2623 Lies
415 2589 590 2624 aderant.
639 2589 652 2610 ²
666 2590 751 2624 Lies
773 2590 946 2626 aderant.
986 2591 1001 2613 ³
1024 2591 1212 2626 Vielleicht
1232 2603 1301 2626 aus
1319 2602 1384 2627 eas
1404 2592 1568 2627 entstellt.

1463 2676 1498 2702 ¹*

1605 880 1651 912 10

1604 1172 1649 1205 15

1604 1467 1650 1500 20

1606 1843 1650 1877 25

1605 2140 1650 2173 30

1603 2435 1647 2470 35
