1836 2985
701 137 915 176 ..39-

106 243 326 294 accepisse.
367 243 421 282 Et
444 247 492 282 ut
514 255 562 281 ae
584 242 722 281 littere
746 242 972 280 firmiorem
995 241 1224 280 obteneant
1247 241 1510 291 dignitatem,

106 302 336 353 meliusque
369 301 426 340 eis
459 301 562 340 fides
595 300 859 348 adhibeatur,
907 312 1036 339 manu
1082 304 1227 338 nostra
1274 312 1322 338 ea
1369 300 1510 339 subter

105 360 409 400 roboravimus.

104 419 149 458 F.
183 419 436 459 Senonenses
473 417 720 456 recentiores
753 417 812 464 (Z.
848 417 889 457 S.
921 416 1146 464 219—220,
1186 430 1226 455 n.
1261 416 1341 465 16).
1372 416 1410 456 9.
1442 416 1508 457 Jh.

273 564 336 603 54.
367 563 504 603 Cessio
535 563 588 602 ad
618 563 834 602 ecclesiam
864 575 888 602 a
916 575 1027 602 novo
1057 562 1338 602 aedificatam.
1541 567 1561 601 5

186 635 402 685 Regnante
434 633 604 673 domino
642 634 739 673 Jesu
771 632 935 673 Christo
968 633 1010 672 in
1040 638 1305 685 perpetuum,
1337 645 1411 684 ego
1443 632 1508 672 ille

103 693 332 745 episcopus
375 692 580 732 Omnibus
603 704 688 731 non
711 691 891 731 habetur
915 691 1191 742 incognitum,
1218 691 1395 744 qualiter
1420 704 1508 742 ego,

102 751 322 791 ausiliante
354 751 547 799 Domino,
578 751 620 789 in
650 763 771 802 pago,
803 750 845 789 in
875 750 975 790 villa
1004 751 1121 790 cuius
1150 751 1402 790 vocabolum
1431 756 1507 799 est,

101 810 159 849 ibi
182 810 224 849 in
251 810 422 849 basilica
447 814 566 848 sanct
585 840 594 848 .
616 840 624 848 .
645 840 654 848 .
680 814 808 860 atque
835 809 970 848 sancti
997 809 1201 861 Stephani
1225 809 1290 848 vel
1316 809 1357 848 in
1383 822 1508 848 onore

102 873 337 908 ceterorum
373 873 628 916 sanctorum,
665 880 844 919 quorum
880 868 1034 907 ibidem
1069 868 1238 920 reliquie
1276 868 1508 920 quiescunt,
1543 876 1589 908 10

102 927 344 967 construcxi
381 932 508 978 atque
551 926 752 966 Kalendis
796 927 911 968 ‚Iunii
949 927 1138 966 dedicare
1179 927 1349 966 certavi.
1403 927 1507 966 Con-

100 986 268 1026 sensavi
293 986 421 1025 etiam
438 985 732 1034 confratribus,
752 990 841 1025 tam
859 985 1068 1025 canonicis
1088 998 1214 1037 quam
1233 990 1275 1024 et
1292 985 1508 1025 monachis

100 1045 167 1084 vel
207 1045 352 1084 ceteris
391 1044 644 1092 hominibus,
687 1044 758 1096 qui
798 1044 851 1084 ad
891 1056 1058 1096 presens
1098 1044 1282 1093 fuerunt,
1323 1050 1372 1083 ut
1411 1044 1506 1083 ville

101 1116 278 1155 quarum
308 1103 513 1142 vocabula
542 1108 641 1142 sunt
671 1103 895 1151 Cadiliaco,
925 1102 1245 1152 Tanculfovilla,
1278 1102 1434 1154 Fagido
1465 1108 1507 1142 et

100 1162 345 1201 Barbitione
377 1161 534 1211 villare,
568 1166 617 1201 ut
649 1161 804 1201 ibidem
837 1162 1018 1214 aspicere
1052 1161 1252 1201 deberent
1274 1162 1327 1201 ad
1361 1161 1507 1201 missas
1541 1169 1586 1203 15

98 1221 293 1260 veniendi
316 1226 358 1260 et
381 1221 434 1260 ad
457 1220 716 1272 baptismum
740 1221 806 1259 vel
829 1220 1159 1272 predicationem
1183 1226 1225 1260 et
1248 1225 1297 1260 ut
1320 1221 1504 1260 decimas

99 1292 193 1319 suas
228 1280 281 1319 ad
315 1284 594 1319 memoratam
629 1279 844 1318 basilicam
880 1280 977 1319 dare
1013 1279 1226 1318 deberent.
1281 1279 1506 1331 Propterea

97 1351 171 1390 pro
190 1338 403 1377 firmitatis
420 1338 608 1377 studium
626 1351 704 1377 ano
723 1338 1036 1377 consensionem
1054 1338 1231 1377 scribere
1249 1338 1504 1389 rogavimus,

97 1398 154 1436 ut'
192 1397 449 1449 temporibus
495 1397 648 1436 nostris
696 1402 823 1449 atque
872 1397 1176 1436 successoribus
1222 1397 1377 1436 nostris
1425 1409 1505 1436 anc

96 1461 240 1495 nostra
260 1456 472 1495 consensio
494 1456 613 1494 firma
637 1461 680 1495 et
698 1456 859 1495 stabilis
876 1455 1017 1495 valeat
1035 1469 1289 1507 permanere,
1309 1461 1351 1495 et
1370 1456 1505 1495 sciant
1538 1466 1583 1498 20

97 1527 254 1563 omnes,
294 1520 382 1554 tam
411 1519 624 1566 presentes
654 1527 781 1566 quam
811 1520 853 1554 et
882 1514 1075 1554 absentes
1106 1527 1177 1554 seu
1223 1515 1502 1554 subcessores-

98 1586 176 1624 que
210 1573 356 1622 nostri,
392 1573 488 1625 quia
523 1573 715 1613 dedimus
749 1574 791 1613 in
825 1579 1107 1613 memoratum
1142 1573 1259 1613 illum
1293 1573 1503 1613 Cadiliaco

96 1632 201 1671 duos
221 1644 388 1671 mansos
409 1632 458 1672 ad
485 1632 618 1684 ipsam
650 1632 917 1672 luminariam
948 1632 1264 1684 previdendam,
1297 1632 1362 1672 vel
1393 1632 1503 1671 unde

95 1691 328 1742 presbyter,
374 1690 445 1742 qui
488 1691 643 1731 ibidem
688 1691 877 1731 officium
921 1692 1090 1742 fungere
1135 1691 1317 1739 videtur,
1362 1691 1502 1730 vivere

96 1749 270 1798 debeat,
299 1754 342 1788 et
369 1749 562 1789 addimus
591 1750 644 1789 ad
673 1749 752 1789 hoc
781 1750 948 1802 insuper
977 1750 1026 1789 de
1058 1755 1168 1789 terra
1197 1750 1352 1789 arabile
1382 1755 1425 1789 et
1453 1750 1502 1789 de
1537 1760 1582 1794 25

95 1808 218 1847 vinea
236 1808 431 1860 aripenne
449 1821 532 1848 uno
550 1814 592 1848 et
609 1808 796 1858 dimidio,
815 1814 864 1848 ut
881 1821 958 1848 evo
978 1814 1164 1860 tempore
1182 1809 1225 1848 in
1243 1808 1503 1848 elimosinam

94 1872 283 1906 nostram
321 1879 390 1906 seu
429 1867 718 1907 subcessorum
748 1873 987 1907 nostrorum
1019 1868 1079 1907 ita
1101 1867 1242 1907 valeat
1264 1868 1500 1919 perdurare.

94 1926 250 1965 Actum
276 1926 356 1965 fuit
384 1925 463 1965 hoc
489 1927 565 1966 sub
592 1926 657 1965 die
685 1932 935 1975 memorato,
964 1926 1166 1966 Kalendis
1190 1927 1298 1966 Iunii
1322 1927 1364 1966 in
1391 1939 1501 1966 anno

95 1984 132 2033 8,
161 1983 326 2024 Christo
354 1985 548 2036 propitio,
578 1986 741 2038 imperii
783 1986 926 2025 domni
963 1985 1106 2037 Karoli
1140 1986 1394 2025 serenissimi
1430 1998 1500 2025 au-

94 2043 206 2094 gusti
233 2048 274 2082 et
305 2056 415 2083 anno
448 2044 500 2083 40
518 2044 635 2096 regni
669 2044 765 2095 ejus
781 2045 823 2084 in
848 2045 1022 2084 Francia
1045 2050 1174 2096 atque
1209 2045 1260 2084 35
1289 2045 1331 2084 in
1359 2044 1498 2093 Italia,
1534 2059 1579 2093 30

93 2101 321 2141 indictione
356 2103 505 2154 prima,
532 2103 575 2142 in
602 2104 678 2142 Dei
710 2104 879 2143 nomine
914 2103 1094 2152 filieiter,
1126 2116 1263 2143 amen.

180 2161 255 2199 His
286 2161 564 2212 presentibus,
599 2162 671 2214 qui
705 2162 933 2202 adfuerunt
968 2162 1077 2202 illuc.

96 2219 140 2258 F.
175 2219 430 2260 senonenses
458 2221 703 2260 recentiores
736 2221 795 2268 (Z.
831 2221 870 2261 S.
903 2220 994 2269 217,
1028 2235 1068 2260 n.
1104 2220 1183 2269 12).
1231 2234 1266 2261 a.
1304 2221 1394 2261 808.

514 2367 579 2406 55.
610 2367 735 2407 Carta
765 2368 1079 2407 sacramentale.
1534 2372 1578 2406 35

172 2436 351 2475 Veniens
381 2441 584 2475 avocatus
613 2437 750 2477 sancti
780 2437 887 2477 illius
916 2438 966 2477 de
992 2438 1246 2477 monasterio
1270 2438 1338 2477 illo
1363 2451 1434 2476 seu
1459 2442 1500 2477 et-

93 2494 161 2533 illo
183 2494 335 2535 abbate
358 2495 407 2535 de
429 2495 617 2547 predicto
638 2497 892 2536 monasterio
915 2496 999 2546 illo,
1022 2502 1158 2536 castro
1179 2497 1262 2546 illo,
1285 2497 1326 2536 in
1348 2496 1498 2536 mallo*

92 2552 258 2604 publico
284 2558 381 2593 ante
408 2554 581 2593 inlustre
608 2554 697 2594 viro
724 2554 792 2594 illo
818 2555 969 2595 comite
996 2556 1062 2594 vel
1087 2555 1177 2595 aliis
1203 2568 1330 2607 quam
1356 2555 1497 2607 pluris,
