1895 2990
770 128 985 166 -11-

171 238 316 272 nostro
338 245 542 281 sermone,
562 232 790 272 auxiliante
812 232 1007 280 Domino,
1026 245 1098 283 per
1118 236 1311 283 tempora
1328 245 1582 283 permanere.

173 292 230 331 Et
262 304 338 331 vos
360 297 403 331 et
434 303 687 330 successores
716 289 858 339 vestri,
891 289 965 329 ubi
984 290 1209 329 necessitas
1242 290 1381 339 fuerit,
1414 290 1457 329 in
1489 303 1584 330 con-

171 350 408 390 dicionibus
463 349 592 401 ipsius
647 348 892 387 monasterii
947 348 1104 388 iustum
1160 348 1325 388 faciatis
1381 349 1584 388 auxilium

173 408 385 460 inpertire,
409 413 457 447 ut
479 408 536 446 eis
559 407 721 446 dilectit
742 420 817 458 pro
841 407 1002 446 salutae
1026 412 1172 446 nostra
1194 407 1377 446 crebrius
1400 420 1583 457 exorare,

172 472 214 507 et
236 467 356 506 vobis
386 467 439 505 ob
462 465 540 505 hoc
571 466 624 505 ad
646 465 825 516 gratiam
846 471 1036 505 nostram
1066 466 1219 505 debeat
1250 465 1471 517 pertinere.
1520 466 1576 505 Et
1615 471 1634 504 5

172 531 221 565 ut
245 526 346 565 haec
369 523 582 576 preceptio
608 524 731 564 firma
756 524 987 564 stabilitate
1014 524 1232 573 subsistat,
1259 524 1428 576 propria
1452 537 1583 564 manu

172 584 280 623 infra
310 583 570 623 decrevimus
600 583 809 622 roborare.

170 643 216 682 F.
245 642 436 681 Marculfi
465 642 526 691 [Z.
561 642 600 682 S.
631 642 807 690 65-66,
838 655 878 681 n.
909 642 991 691 35].
1038 642 1074 681 7.
1104 641 1172 683 Jh.

532 771 594 810 17.
629 770 787 810 Iudicio
819 770 1056 810 evidentale
1067 771 1095 810 ¹.

250 842 432 881 Veniens
455 841 513 880 illi
536 841 577 880 in
600 841 757 880 nost-ri2
780 841 846 880 vel
869 854 1086 893 procerum
1109 847 1349 881 nostrorum
1372 841 1582 893 presentia
1619 848 1664 880 10

171 901 390 951 suggessit,
421 900 541 952 quasi
567 899 693 939 homo
720 900 888 939 nomine
917 900 996 948 ille,
1026 900 1208 952 paginsis
1236 906 1386 946 vester,
1416 913 1511 940 eum
1539 900 1582 939 in

170 959 255 1007 via,
284 959 401 998 nulla
426 963 623 998 manente
651 971 790 1007 causa,
819 958 1052 998 adsallisset
1079 964 1121 997 et
1148 972 1242 998 eum
1271 959 1453 1010 graviter
1480 959 1582 998 livo-

169 1023 303 1057 rasset
332 1018 397 1057 vel
425 1018 583 1057 rauba3
613 1030 688 1057 sua
718 1017 759 1056 in
789 1017 950 1057 soledos
978 1023 1122 1056 tantos
1151 1018 1286 1056 eidem
1316 1018 1494 1065 tulisset,
1540 1023 1583 1057 et

170 1077 222 1116 ob
249 1076 328 1116 hoc
351 1076 470 1116 vobis
503 1090 574 1128 per
608 1082 753 1115 nostra
779 1076 1041 1115 ordinatione
1076 1076 1172 1115 talis
1207 1077 1334 1116 datus
1368 1076 1583 1116 habuisset

171 1135 447 1183 fideiussores,
487 1140 535 1174 ut
571 1135 782 1174 Kalendas
817 1135 907 1174 illas
939 1148 990 1174 ex
1023 1135 1101 1174 hoc
1133 1135 1176 1174 in
1209 1135 1342 1174 nostri
1373 1135 1584 1186 presentia
1618 1140 1663 1174 15

169 1194 414 1233 debuissent
435 1194 599 1233 adstare
622 1199 857 1233 causantes.
894 1195 931 1233 A
953 1207 1034 1245 quo
1055 1194 1210 1246 placito
1232 1194 1404 1233 veniens
1424 1207 1580 1233 memo-

169 1258 286 1292 ratus
317 1252 375 1292 illi
404 1252 460 1292 ibi
489 1253 531 1292 in
561 1253 720 1304 palatio
750 1258 908 1301 nostro,
939 1258 981 1292 et
1011 1266 1082 1304 per
1112 1253 1253 1292 triduo
1285 1266 1357 1292 seu
1386 1253 1580 1304 amplius,

170 1316 219 1350 ut
252 1312 320 1350 lex
352 1311 514 1359 habuit,
549 1311 752 1363 placitum
786 1324 907 1351 suum
942 1311 1192 1351 custodisset
1225 1311 1316 1351 vel4
1347 1316 1580 1351 memorato

149 1370 240 1414 ¹illo
280 1370 544 1410 abiectisset*
584 1370 649 1409 vel
689 1370 945 1409 solsatisset*
985 1376 1027 1409 et
1067 1370 1152 1422 ipse
1192 1383 1268 1409 nec
1306 1371 1488 1409 venisset
1527 1371 1580 1410 ad

169 1429 372 1480 placitum
402 1442 477 1468 nec
507 1429 622 1469 nulla
654 1429 820 1469 sonia5*
853 1429 1106 1477 nunciasset,
1139 1429 1353 1469 adfirmat.
1402 1429 1580 1469 Proinde
1617 1436 1663 1469 20

168 1500 244 1526 nos
269 1487 410 1527 taliter
435 1501 520 1527 una
545 1501 640 1527 cum
664 1488 820 1527 nostris
844 1488 1084 1540 proceribus
1111 1488 1310 1527 constetit
1336 1488 1580 1537 decrevisse,

169 1551 230 1594 ut,
265 1546 299 1585 si
329 1546 543 1586 evidenter
575 1552 832 1586 memoratus
864 1547 929 1586 ille
962 1560 1036 1599 pro
1068 1547 1146 1586 hac
1177 1560 1302 1586 causa
1334 1547 1430 1586 talis
1462 1546 1581 1586 vobis

168 1605 294 1645 datus
322 1605 471 1645 habuit
498 1605 761 1645 fideiussores
789 1611 831 1645 et
858 1606 1061 1657 placitum
1084 1619 1206 1646 suum
1226 1606 1410 1645 minimae
1442 1611 1580 1645 custo-

168 1663 290 1712 divit,
322 1664 423 1703 dum
452 1669 493 1703 et
524 1664 721 1704 inluster⁶
751 1665 813 1703 vir
844 1665 924 1713 ille,
956 1678 1093 1704 comes
1122 1665 1256 1717 palati
1284 1664 1430 1712 nostri,
1462 1664 1579 1704 testi-

169 1722 392 1771 moniavit,
437 1724 549 1774 quod
593 1723 832 1763 antedictus
875 1723 940 1763 ille
985 1724 1211 1775 placitum⁷
1255 1737 1377 1763 suum
1420 1723 1580 1774 legibus
1617 1731 1661 1765 25

169 1781 400 1821 custodivit
435 1787 477 1821 et
513 1795 608 1822 eum
645 1782 888 1822 abiectivit*
926 1782 991 1821 vel
1027 1782 1277 1831 solsativit*,
1314 1788 1356 1821 et
1392 1782 1477 1834 ipse
1514 1782 1579 1821 ille

171 1839 374 1891 placitum
409 1853 530 1880 suum
564 1841 773 1880 custodire
808 1841 1028 1892 necglexit,
1064 1841 1264 1890 iobemus,
1300 1846 1348 1880 ut
1375 1841 1579 1893 quidquid

170 1899 237 1937 lex
263 1899 344 1938 loci
369 1899 498 1938 vestri
522 1900 572 1939 de
599 1900 682 1939 tale
710 1913 835 1939 causa
861 1901 1021 1948 edocet,
1062 1900 1182 1939 vobis
1217 1899 1579 1951 distringentibus,

169 1957 410 1997 antedictus
437 1957 502 1997 ille
529 1959 722 2010 partibus
749 1959 857 1998 illius
879 1960 1138 2011 conponere*
1161 1964 1203 1998 et
1226 1958 1472 1999 satisfacire⁸
1494 1971 1580 1998 non

168 2016 336 2055 recusit.
1616 2027 1661 2061 30

248 2075 292 2114 F.
323 2075 513 2115 Marculfi
544 2076 603 2124 (Z.
637 2077 677 2116 S.
708 2077 772 2123 67,
804 2090 844 2115 n.
875 2077 957 2126 37).
1005 2077 1041 2116 7.
1072 2076 1139 2117 Jh.

642 2193 704 2233 18.
735 2194 862 2234 Carta
890 2193 1059 2246 paricla.

248 2262 352 2302 Cum
379 2263 421 2302 in
445 2268 589 2303 nostra
614 2264 680 2304 vel
703 2277 924 2316 procerum
949 2270 1190 2304 nostrorum
1216 2264 1429 2316 presencia
1453 2264 1579 2303 homo

166 2333 320 2360 nomen
344 2321 410 2361 ille
436 2321 646 2373 itemquae
670 2322 838 2362 homine
862 2336 1015 2363 nomen
1039 2323 1108 2362 illo
1133 2323 1452 2375 interpellasset,
1476 2324 1578 2363 dum

268 2393 282 2413 1
300 2393 364 2437 frit·
381 2393 647 2428 evindicatum
667 2395 712 2439 cf.
740 2394 775 2429 S.
794 2395 838 2428 25
854 2405 890 2429 n.
909 2395 973 2436 353
995 2394 1206 2430 evinditale
1227 2395 1261 2429 A
1282 2397 1314 2429 2.
1336 2414 1386 2419 —
1411 2395 1425 2416 ²
1446 2396 1579 2429 nostra

168 2446 202 2478 A
226 2447 258 2480 3.
282 2465 331 2470 —
353 2445 368 2466 ³
389 2456 512 2490 raupa
534 2447 568 2480 A
591 2448 623 2481 2.
647 2466 697 2471 —
719 2447 733 2468 ⁴
754 2450 793 2482 et
817 2450 1054 2482 memoratus
1076 2447 1127 2482 ill.
1153 2447 1327 2482 abiectus
1349 2447 1400 2482 sit
1425 2447 1483 2482 vel
1506 2447 1578 2482 sol-

167 2497 316 2533 satissit
338 2500 371 2533 A
395 2501 428 2534 2.
452 2519 501 2523 —
533 2498 546 2520 ⁵
568 2499 707 2534 sunnia
729 2501 763 2534 A
786 2502 818 2535 2.
843 2520 892 2524 -—
914 2500 928 2521 ⁶
950 2500 1122 2535 inlustris
1145 2501 1178 2535 A
1202 2502 1234 2535 2.
1258 2520 1308 2525 -—
1330 2500 1343 2521 ⁷
1366 2500 1578 2545 palacitum

168 2551 202 2584 A
234 2553 268 2586 1.
301 2570 351 2576 --
383 2553 396 2572 ⁸
427 2551 649 2587 satisfacere
682 2553 715 2587 A
748 2554 780 2587 2.
