1895 2990
253 943 298 974 10

251 1535 295 1567 20

249 2234 293 2267 30

926 158 1063 196 -13
1101 182 1144 185 --

337 273 422 299 csse
455 261 740 311 cognovimus,
774 262 946 312 dignum
980 267 1056 311 est,
1091 267 1138 301 ut
1170 267 1287 313 gesta
1319 276 1368 301 cx
1402 262 1480 302 hoc
1513 264 1749 304 conscribta

337 320 473 371 adque
503 320 738 359 subscribta
768 321 846 359 tibi
875 322 1083 370 tradatur,
1114 327 1156 360 et
1185 327 1233 360 ut
1263 322 1302 360 in
1333 321 1544 373 arcipibus
1573 323 1749 374 publicis

337 380 607 418 memoranda
636 385 836 419 servetur.
884 380 1059 419 Edatur.

428 437 492 477 Sic
516 451 586 489 per
609 438 751 476 ordine
775 443 817 477 ct
839 439 1065 477 mandatus
1090 439 1129 477 in
1154 452 1228 478 suo
1252 440 1341 478 loco
1360 444 1402 478 et
1426 445 1564 478 totum
1583 444 1748 479 textum

339 501 381 535 ct
408 497 721 535 manumissoris
749 497 924 548 epistola
953 497 1203 546 scribantur,
1241 503 1284 537 et
1314 504 1460 550 postea
1489 499 1680 537 defensor
1707 504 1751 538 et

339 555 502 593 curialis
562 555 715 594 civium
778 561 820 594 et
880 556 1027 607 reliqui
1093 569 1184 595 cam
1242 557 1557 596 subscribantur
1612 558 1748 609 adque

336 614 562 664 signentur.

335 684 379 723 F.
410 684 599 723 Marculfi
633 685 691 730 (Z.
722 697 762 735 p.
794 684 971 733 97—98,
1001 698 1042 723 n.
1073 685 1122 724 :37
1152 686 1239 724 und
1265 686 1347 735 38).
1396 687 1431 725 7.
1464 686 1531 727 Jh.

809 849 872 888 25.
904 849 1108 888 Libellum
1140 849 1264 889 dotis.

422 931 542 982 Quod
570 931 742 980 bonum,
771 932 972 980 faustum,
1002 931 1100 971 filex
1127 945 1428 984 prosperumve
1455 933 1642 972 eveniat!
1688 934 1747 973 De

334 989 628 1041 disponsandis
679 990 1013 1042 maritandisque
1065 991 1282 1030 ordinibus
1333 991 1411 1030 hac
1463 992 1747 1043 procreatione

333 1049 557 1087 liberorum
594 1050 728 1088 causis
756 1050 886 1101 quael
914 1050 1039 1098 fiunt,
1077 1063 1242 1089 necesse
1270 1056 1346 1099 est,
1375 1056 1423 1089 ut
1449 1064 1592 1090 omnes
1619 1051 1747 1090 etiam

333 1108 506 1147 donatio
556 1121 628 1159 per
677 1108 978 1148 scribturarum
1029 1110 1176 1147 seriem
1226 1109 1454 1160 pleniorem
1505 1110 1749 1149 obteniant2

334 1167 594 1206 firmitatem.
643 1168 785 1206 Donat
815 1168 938 1218 igitur
970 1168 1027 1206 illi
1056 1168 1229 1207 honeste
1266 1169 1440 1220 puellae,
1470 1173 1620 1208 norae³
1650 1182 1747 1208 suae

280 1259 286 1267 ,
335 1226 400 1275 lei,
433 1239 585 1277 sponsa
617 1226 704 1265 filio
736 1239 810 1265 suo
844 1227 926 1275 illo,
960 1232 1058 1266 ante
1092 1227 1156 1266 die
1189 1228 1434 1279 nuptiarum
1467 1228 1747 1279 donantisque

335 1285 474 1324 animo
505 1286 753 1324 transferet⁴
779 1291 933 1337 atquae
960 1286 1215 1335 transcribit,
1239 1286 1317 1326 1100
1342 1292 1406 1326 est
1435 1287 1476 1326 in
1507 1287 1746 1327 tanodono*
1792 1316 1795 1318 >

334 1344 433 1383 villa
462 1350 734 1396 nuncupante
765 1345 848 1393 illa,
879 1345 1004 1384 sitam
1035 1345 1105 1394 ibi,
1136 1358 1231 1384 cum
1261 1346 1384 1385 domo
1415 1346 1665 1396 condignam
1695 1346 1747 1385 ad

333 1402 612 1443 habitandum
642 1404 707 1443 vel
736 1404 849 1443 omni
877 1404 1119 1454 integritate
1143 1404 1295 1443 ibidem
1323 1405 1608 1457 aspicientem,
1638 1405 1747 1443 simi-

331 1461 424 1501 liter
450 1467 492 1501 et
518 1463 559 1502 in
586 1463 696 1502 dotis
722 1463 894 1502 titulum
922 1463 1023 1502 alias
1049 1463 1169 1502 villas
1194 1469 1487 1515 nuncupantes
1514 1464 1618 1513 illas,
1645 1464 1747 1503 sitas

332 1521 401 1571 ibi,
431 1522 640 1573 mancipia
670 1527 791 1561 tanta
821 1522 911 1561 illos
939 1527 981 1561 et
1010 1522 1113 1571 illas,
1144 1523 1251 1562 inter
1279 1535 1427 1562 aurum
1456 1528 1499 1562 et
1526 1527 1746 1574 argentum

332 1585 374 1619 ct
412 1581 689 1620 fabricaturas
728 1581 768 1620 in
807 1582 969 1621 soledos
1007 1586 1165 1631 tantos,
1204 1582 1385 1621 caballos
1423 1587 1579 1631 tantos,
1618 1582 1747 1621 boves

332 1644 488 1689 tantos,
519 1653 684 1691 gregem
703 1653 919 1692 equorum,
950 1653 1114 1691 gregem
1143 1646 1443 1690 armentorum,
1472 1654 1635 1692 gregem
1654 1653 1746 1692 pro-

332 1711 492 1748 corum,
520 1712 685 1750 gregem
713 1699 870 1748 ovium,
899 1700 958 1739 ita
986 1705 1034 1739 ut
1056 1699 1159 1739 haec
1186 1701 1325 1739 omnia
1346 1713 1417 1752 pcr
1440 1713 1567 1739 manu
1590 1713 1662 1739 sua
1692 1700 1745 1739 ad

332 1758 617 1809 suprascribta
658 1759 810 1810 puella,
851 1762 977 1798 noro5
1017 1771 1091 1798 sua
1132 1759 1216 1808 illa,
1257 1764 1355 1798 ante
1396 1759 1460 1798 die
1501 1759 1745 1810 nuptiarum

331 1817 477 1856 dibeat
522 1818 756 1869 pervenire3
803 1823 846 1857 et
890 1818 931 1857 in
977 1830 1050 1857 sua
1095 1818 1381 1857 dominatione
1427 1831 1634 1867 revocare,
1681 1818 1746 1857 vel

332 1876 531 1927 quicquid
549 1876 725 1916 exindae
744 1877 893 1915 facire6
909 1877 1091 1928 clegerit,
1110 1877 1283 1916 liberam
1301 1877 1457 1916 habeat
1473 1882 1743 1928 potestatem.

338 1935 458 1986 Quod
497 1935 530 1974 si
567 1936 658 1987 quis
696 1941 842 1975 contra
881 1936 989 1975 hanc
1025 1936 1212 1975 libellum
1249 1936 1361 1975 dotis
1397 1936 1537 1975 venire
1574 1941 1617 1975 et
1653 1948 1744 1975 eam

331 1994 579 2045 infrangire⁶
600 1995 831 2044 conaverit,
863 1995 1016 2034 inferat
1037 1995 1230 2047 partibus
1253 1995 1440 2047 prefatae
1462 1995 1538 2034 lei⁸
1560 2000 1742 2034 tantum.

330 2065 374 2104 F.
404 2065 595 2104 Marculfi
627 2066 686 2112 (Ζ.
721 2065 761 2105 S.
791 2066 857 2115 85,
888 2080 929 2105 11.
962 2067 1042 2116 15).
1093 2066 1128 2106 7.
1160 2065 1227 2107 Jh.

550 2231 613 2270 26.
652 2231 732 2282 Qui
763 2244 803 2270 se
834 2231 875 2270 in
906 2230 1075 2270 servitio
1106 2231 1275 2270 alterius
1306 2231 1549 2270 obnoxiat*.

413 2301 591 2340 Domino
622 2301 724 2340 mihi
753 2301 921 2353 proprio
952 2301 1020 2341 illo
1050 2301 1130 2341 ille.
1181 2302 1306 2351 Dum,
1338 2302 1564 2353 instigante
1596 2301 1742 2340 adver-

330 2359 450 2408 sario,
478 2360 748 2410 fragilitatem
775 2373 912 2399 meam
938 2360 1196 2412 prevalente,
1224 2361 1263 2400 in
1291 2374 1411 2400 casus
1436 2360 1573 2411 gravis
1599 2360 1742 2409 cecidi,

430 2484 441 2504 ¹
468 2484 532 2529 qui
556 2485 589 2519 A
615 2487 646 2519 3.
672 2505 721 2509 -
745 2485 759 2505 2
781 2485 967 2520 obteneat
992 2486 1023 2520 Α
1050 2487 1089 2527 23
1115 2484 1326 2520 obtenetur
1349 2486 1382 2520 A
1407 2487 1440 2520 3.
1464 2505 1513 2508 —
1537 2485 1551 2505 3
1575 2484 1623 2519 ad
1650 2495 1741 2520 nure

329 2547 419 2571 suae
440 2538 473 2571 A
495 2539 526 2571 2.
548 2557 597 2561 —
618 2538 631 2558 ⁴²
652 2538 838 2572 transfert
858 2539 890 2573 A
913 2540 945 2573 3.
966 2558 1016 2562 -
1036 2538 1050 2558 ⁵
1071 2548 1165 2572 nuro
1188 2539 1220 2572 A
1242 2541 1276 2581 2,
1297 2539 1329 2573 A
1352 2540 1383 2573 3.
1405 2557 1454 2562 —
1474 2537 1488 2558 ⁶
1508 2537 1632 2572 facere
1653 2539 1686 2572 A
1708 2539 1742 2581 2,

328 2590 360 2624 A
392 2592 423 2625 3.
454 2610 501 2613 —
531 2590 544 2610 ⁷
572 2590 787 2635 infrangere
818 2592 849 2626 A
880 2593 914 2634 2,
943 2592 975 2626 A
1006 2593 1038 2626 3.
1069 2611 1117 2615 ——
1148 2593 1161 2612 ⁸
1188 2591 1238 2626 ill.
1270 2592 1302 2626 A
1333 2593 1365 2625 2.
