1895 2990
388 552 422 590 1.
457 551 534 590 Hic
564 555 626 590 est
656 550 851 598 vindicio,
884 551 955 601 qui
985 563 1024 589 se
1056 550 1191 602 ipsum
1222 551 1371 590 vindit.

260 623 423 661 Domno
461 620 565 659 mihi
602 621 670 659 illo
708 633 870 659 necnon
909 625 950 659 et
989 621 1140 660 coniux
1179 633 1253 660 sua
1292 621 1360 660 illa
1398 633 1472 671 ego
1511 621 1580 659 illi.

185 681 291 732 Quia
331 680 662 719 coniuncxerunt
700 678 803 717 mihi
841 679 1126 729 necligencias,
1169 680 1279 731 quod
1318 693 1382 719 res
1422 684 1583 719 vestras

178 739 327 787 furavi,
350 744 392 778 et
412 739 453 777 in
483 739 600 777 aliter
630 743 868 788 transagere
898 751 982 777 non
1002 751 1185 790 possum,
1209 739 1288 777 nisi
1308 744 1355 778 ut
1376 739 1583 789 integrum

178 803 338 837 statum
362 810 501 836 meum
527 797 569 836 in
593 801 780 835 vestrum
805 796 971 835 debiam
996 797 1200 848 inplecare
1226 797 1459 845 servicium,
1485 810 1579 847 ergo
1632 800 1652 834 5

177 861 358 903 constat,
380 869 444 895 me
466 855 578 895 nullo
600 860 771 905 cogente
794 855 1028 907 imperium,
1051 861 1113 895 set
1134 856 1416 907 plenissimam
1437 856 1583 895 v-olun

177 920 265 954 tate
294 928 400 963 mea,
430 914 507 953 etsi
535 915 584 953 de
614 913 691 953 hac
721 927 845 953 causa
882 915 1082 979 reprobus
1120 915 1344 966 aparuerit
1383 927 1456 966 pro
1496 915 1584 966 ipsa

178 947 430 1024 necligencia
462 973 669 1023 integrum
703 978 863 1012 statum
896 986 1036 1012 meum
1069 973 1110 1012 in
1144 979 1330 1012 vestrum
1364 973 1583 1012 servicium

178 1032 383 1083 oblegare.
430 1031 605 1071 Debiam
634 1031 817 1083 accipere
846 1045 869 1070 a
897 1031 1016 1070 vobis
1044 1032 1242 1083 precium,
1272 1031 1313 1070 in
1343 1033 1453 1083 quod
1482 1031 1584 1070 mihi

178 1091 432 1142 conplacuit,
474 1091 636 1129 soledus
678 1095 836 1137 tantus,
878 1095 926 1129 ut
967 1090 1161 1141 quicquid
1206 1091 1258 1129 ab
1290 1091 1458 1130 odierno
1491 1091 1583 1130 diae
1607 1097 1652 1128 10

177 1150 228 1188 de
251 1149 496 1201 memetipso
520 1149 652 1188 facere
676 1149 904 1197 volueritiS,
928 1149 1035 1188 sicut
1057 1154 1099 1188 et
1120 1149 1170 1188 de
1193 1150 1352 1200 reliqua
1374 1149 1582 1201 mancipia

177 1213 319 1247 vestra
349 1208 542 1255 obnoxia,
574 1207 615 1246 in
647 1208 854 1256 omnibus,
887 1208 974 1246 Deo
1005 1208 1176 1259 presole,
1208 1208 1368 1247 abeatis
1398 1213 1581 1260 potesta-

179 1271 265 1306 tem
291 1266 481 1315 faciendi,
508 1267 619 1318 quod
644 1267 872 1305 volueritis.
918 1266 960 1306 Si
985 1266 1109 1306 fuerit
1134 1279 1208 1317 ego
1234 1267 1311 1318 ipsi
1335 1272 1410 1306 aut
1434 1267 1582 1318 aliquis

177 1326 227 1365 de
270 1325 513 1377 propinquis
554 1325 656 1364 meis
698 1325 764 1364 vel
808 1325 994 1376 qualibet
1036 1330 1237 1365 extranea
1278 1338 1468 1377 persona,
1512 1326 1583 1377 qui

156 1389 326 1423 contra
365 1383 471 1423 hanc
511 1384 760 1432 vindicione,
803 1397 927 1435 quem
968 1397 1041 1435 ego
1082 1384 1193 1423 bona
1225 1385 1459 1424 volumtate
1494 1385 1585 1423 fieri
1608 1388 1651 1422 15

177 1443 335 1493 rogavi,
373 1455 489 1493 agere
529 1443 756 1491 conaverit,
799 1443 940 1482 inferit
970 1443 1076 1482 inter
1108 1443 1185 1482 tibi
1214 1448 1256 1482 et
1286 1444 1386 1483 fisco
1419 1444 1582 1483 soledus

178 1506 337 1550 tantus,
385 1501 504 1540 vobis
542 1507 767 1553 conponat,
809 1507 851 1541 et
893 1502 1004 1553 quod
1045 1502 1198 1553 repetit
1239 1502 1457 1541 vindecare
1500 1515 1582 1541 non

177 1560 331 1609 valeat,
350 1565 392 1599 et
410 1560 483 1599 hec
500 1560 682 1600 vindicio
701 1566 828 1611 atque
847 1561 1056 1600 volomtas
1074 1574 1166 1600 mea
1185 1561 1306 1600 firma
1324 1566 1580 1612 permaneat.

177 1630 222 1669 F.
251 1631 562 1670 Andecavenses
593 1631 651 1678 (Z.
687 1631 727 1671 S.
759 1632 782 1669 5
812 1645 852 1670 n.
884 1631 939 1680 2).
985 1644 1022 1671 a.
1047 1632 1273 1671 500—550.

390 1760 426 1798 2.
459 1760 536 1799 Hic
565 1765 628 1799 est
658 1760 840 1799 vindicio
870 1761 920 1800 de
952 1766 1061 1800 terra
1091 1762 1313 1801 conducta.
1605 1767 1650 1799 20

259 1830 346 1880 Ego
381 1830 490 1869 enim
525 1830 594 1869 illi.
646 1831 823 1870 Constat
857 1844 921 1870 me
957 1831 1206 1880 vindedisse,
1242 1837 1284 1871 et
1319 1832 1378 1871 ita
1412 1832 1582 1871 vindedi

178 1888 230 1927 ad
259 1888 492 1928 venerabile
522 1889 641 1928 fratri
668 1890 737 1929 illa
766 1890 934 1938 viniola,
964 1890 1056 1942 plus
1083 1903 1229 1930 menus
1258 1891 1393 1930 iuctus
1422 1896 1580 1939 tantus,

178 1951 220 1985 et
250 1947 396 1986 residit
428 1947 470 1986 in
502 1949 772 1988 terraturium
807 1949 941 1988 sancti
973 1949 1094 1997 illius,
1129 1950 1170 1988 in
1204 1949 1333 1988 fundo
1367 1949 1435 1988 illa
1468 1950 1580 1998 villa,

178 2010 220 2044 et
253 2005 386 2057 accipi
419 2019 440 2044 a
475 2006 593 2045 vobis
626 2008 825 2059 precium,
860 2008 901 2047 in
937 2008 1048 2059 quod
1082 2007 1184 2047 mihi
1217 2008 1468 2060 conplacuit,
1504 2008 1580 2048 hoc

177 2068 240 2103 est
281 2064 444 2103 soledus
485 2070 643 2114 tantus,
685 2071 733 2105 ut
774 2067 823 2105 de
865 2066 917 2105 ab
960 2067 1176 2106 odiernum
1209 2067 1286 2106 diae
1326 2072 1582 2106 memoratus
1605 2071 1648 2104 25

178 2127 326 2171 emtor,
361 2123 558 2175 quicquid
590 2125 640 2163 de
674 2125 763 2176 ipsa
795 2125 909 2165 vinia
942 2126 1074 2164 facere
1108 2125 1300 2174 volueris,
1334 2126 1506 2166 liberam
1540 2126 1581 2165 in

177 2181 371 2220 omnibus
408 2181 562 2222 habeas
598 2188 855 2235 potestatem
893 2184 1085 2224 faciendi.
1142 2184 1184 2224 Si
1222 2185 1313 2236 quis
1351 2198 1462 2234 vero,
1502 2198 1580 2237 que

177 2252 262 2279 esse
286 2253 370 2279 non
394 2241 530 2289 credo,
555 2254 596 2280 se
620 2242 745 2282 fuerit
769 2248 844 2282 aut
866 2255 940 2293 ego
966 2243 1044 2294 ipsi
1067 2248 1141 2282 aut
1164 2244 1272 2282 ullus
1296 2244 1345 2282 de
1369 2243 1580 2283 heretibus

177 2299 278 2338 meis
319 2299 385 2338 vel
428 2299 623 2351 quislibet
664 2301 898 2353 obposita*
941 2315 1130 2353 persona,
1174 2303 1245 2354 qui
1287 2307 1433 2342 contra
1473 2302 1580 2342 hanc

178 2356 427 2406 vindicione,
462 2371 585 2410 quem
617 2372 690 2410 ego
722 2360 832 2399 bona
864 2360 1098 2400 volumtate
1131 2361 1221 2400 fieri
1250 2361 1407 2412 rogavi,
1440 2362 1579 2400 venire
1605 2367 1649 2399 30

179 2420 253 2454 aut
276 2417 476 2456 resultare
502 2419 812 2469 presumpserit,
838 2419 1006 2471 dupplit
1030 2424 1199 2459 tantum
1225 2425 1267 2459 et
1291 2420 1370 2459 alio
1396 2425 1578 2468 tantum,

180 2479 387 2524 quantum
435 2475 510 2515 hec
557 2476 738 2515 vindicio
786 2478 866 2517 ista
914 2479 1132 2527 contenit¹,
1180 2483 1222 2518 et
1270 2479 1381 2530 quod
1428 2479 1580 2530 repetit

278 2551 292 2571 1
317 2552 506 2595 consenst,
535 2553 572 2588 Z.
605 2552 640 2588 S.
673 2555 706 2595 6,
736 2556 793 2589 20.

250 2634 445 2670 Sammlung
465 2638 642 2670 vulgariat.
664 2638 779 2666 Texte.
799 2638 830 2666 5.
1496 2642 1502 2666 1
