1836 2985
223 772 268 804 10

223 1067 268 1099 15

224 1476 271 1508 20

224 1771 269 1804 25

223 2068 271 2101 30

224 2362 270 2397 35

983 118 1004 134 (h

904 142 947 146 .-
982 118 1033 157 0ss
1070 142 1113 146 .-

717 222 780 261 48.
815 222 977 262 Notitia
1007 223 1056 261 de
1088 223 1298 262 colonitio.

388 293 562 340 Notitia‚
602 293 779 344 qualiter
816 298 858 332 et
895 294 1045 345 quibus
1082 294 1344 345 presentibus
1382 293 1551 332 veniens
1590 293 1715 333 homo

306 352 433 391 alicus
467 365 617 391 nomen
653 352 717 391 ille
753 352 793 390 in
827 365 934 403 pago
969 352 1050 400 1110,
1086 353 1128 392 in
1161 353 1284 391 mallo
1320 352 1485 404 publico
1520 357 1618 391 ante
1652 353 1714 391 vir

306 411 373 450 illo
407 411 556 450 comite
590 411 655 450 vel
686 411 854 462 reliquis
886 424 1013 462 quam
1045 411 1174 462 pluris
1206 412 1325 450 bonis
1357 411 1610 460 hominibus,
1645 412 1716 463 qui

307 470 449 509 subter
478 470 768 517 firmaverunt,
798 469 964 508 homine
994 470 1097 508 alico
1126 483 1276 509 nomen
1308 471 1375 509 illo
1406 471 1560 509 ibidem
1590 471 1715 510 inter-

306 529 503 580 pellabat.
552 528 787 579 Repetebat
815 528 864 576 ei,
893 541 940 567 eo
970 529 1081 579 quod
1110 529 1271 579 genitor
1300 542 1395 568 suos
1423 534 1498 568 aut
1526 530 1716 580 genetrix

306 601 380 627 sua
403 588 472 626 illa
499 588 633 626 coloni
657 587 719 626 sui
756 587 945 635 fuissent,
983 592 1025 626 et
1063 588 1147 638 ipse
1185 588 1250 626 ille
1288 601 1383 627 suos
1419 589 1592 627 colonus
1628 601 1715 627 esse

305 647 487 685 debebat
513 651 555 684 et
580 646 688 684 mala
716 646 858 684 ordine
885 646 934 684 de
961 646 1050 697 ipso
1076 646 1308 684 colonatico
1335 647 1413 685 sibi
1439 647 1714 686 abstrahebat

306 711 348 744 et
377 705 594 755 neglegens
625 709 727 743 erat.
777 704 1087 755 Interrogatum
1119 705 1199 743 fuit
1229 705 1282 743 ab
1314 705 1411 756 ipsis
1442 706 1540 745 viris
1571 706 1713 758 ipsius,

304 764 336 802 si
361 764 445 815 ipse
470 764 535 802 ille
560 763 715 802 colonis
740 763 867 815 ipsius
891 763 956 802 lue
981 776 1066 802 esse
1091 763 1287 812 debebat,
1313 776 1442 812 anon3
1468 765 1509 803 in
1532 765 1716 816 presenti

306 823 341 861 ei
378 823 528 861 dicerel
571 822 755 861 deberet.
811 822 866 861 Et
903 822 988 873 ipse
1026 823 1091 861 ille
1128 823 1367 861 nullatenus
1404 824 1544 874 potuit
1580 824 1714 863 dicere

305 895 380 921 nec
419 882 650 933 adponere2
689 894 764 920 nec
802 881 918 920 nulla
956 881 1117 920 ratione
1158 882 1334 930 tradere,
1376 895 1446 933 per
1487 882 1587 933 quid
1628 883 1713 935 ipse

305 941 354 979 de
388 941 476 992 ipso
509 940 741 979 colonatico
774 953 814 979 se
847 939 1088 979 abstrahere
1120 940 1342 992 potuisset⁷
1376 946 1417 980 et
1450 941 1491 980 in
1523 947 1714 992 presente

304 1012 379 1051 pro
416 1000 558 1038 colone
597 999 724 1051 ipsius
760 1000 826 1038 lue
863 999 942 1038 sibi
977 1000 1200 1039 recredidit
1235 1000 1300 1038 vel
1337 1000 1592 1051 recognovit.
1650 1000 1715 1040 Sic

304 1059 356 1097 ab
382 1059 478 1110 ipsis
502 1059 600 1097 viris
624 1059 704 1097 suit
727 1058 973 1107 iudicatum,
998 1063 1045 1097 ut
1068 1059 1153 1110 ipse.
1179 1059 1243 1097 ille
1268 1059 1356 1110 ipso
1380 1059 1448 1097 illo
1471 1072 1546 1110 pro
1570 1060 1714 1099 colone

305 1118 455 1157 habere
480 1118 651 1166 debeat3
676 1122 718 1157 et
741 1118 775 1156 si
799 1118 881 1156 iam
906 1118 1042 1156 dictus
1067 1118 1194 1157 comis
1218 1118 1306 1169 ipso
1332 1118 1399 1156 illo
1425 1131 1496 1169 per
1520 1118 1714 1158 manibus

305 1177 495 1228 partibus
524 1177 588 1216 lue
618 1177 731 1216 visus
760 1182 823 1216 est
851 1177 1112 1216 reddidisset.
1160 1177 1234 1216 His
1262 1177 1539 1228 presentibus.

304 1236 349 1275 F.
381 1236 603 1276 Senonicae
633 1236 691 1283 (Z.
724 1236 764 1276 S.
797 1235 886 1285 194,
915 1250 955 1275 n.
986 1236 1067 1285 20).
1113 1249 1151 1276 a.
1173 1236 1402 1276 768—775.

709 1396 773 1435 49.
808 1395 970 1434 Notitia
999 1395 1312 1434 sacramentale.

391 1466 566 1514 Notitia,
605 1466 784 1517 qualiter
821 1471 863 1505 et
900 1465 1051 1517 quibus
1086 1466 1348 1517 presentibus
1386 1466 1554 1505 veniens
1590 1466 1714 1505 homo

305 1525 433 1564 alicus
464 1538 614 1564 nomen
649 1525 714 1564 ille
747 1525 787 1564 in
821 1537 927 1576 pago
960 1525 1042 1574 illo,
1076 1525 1114 1564 in
1150 1525 1318 1564 basilica
1351 1530 1497 1564 sancto
1526 1525 1608 1573 illo,
1643 1525 1714 1565 ubi

306 1585 485 1636 plurima
512 1589 773 1624 sacramenta
799 1597 1031 1636 percurrere
1058 1584 1253 1632 videtur-³,
1281 1589 1378 1623 ante
1406 1585 1467 1622 vir
1486 1585 1710 1635 magnifico

306 1644 375 1683 illo
407 1644 472 1683 vel
505 1644 672 1695 reliquis
704 1656 831 1695 quam
865 1643 994 1695 pluris
1026 1644 1146 1682 bonis
1177 1643 1429 1692 hominibus,
1464 1644 1535 1694 qui
1567 1643 1712 1683 subter

306 1703 596 1751 firmaverunt⁷
627 1703 766 1754 posita
796 1715 969 1741 manum
1001 1715 1119 1741 suam
1144 1715 1265 1754 super
1287 1707 1552 1741 sacrosancto
1577 1702 1713 1742 altaro

306 1767 450 1801 sancto
472 1762 555 1810 illo,
578 1762 635 1801 sic
656 1762 817 1801 iuratus
838 1761 965 1801 dixit:
1000 1762 1108 1810 ⁷‚Hic
1127 1762 1216 1800 iuro
1237 1775 1308 1813 per
1327 1761 1437 1800 hunc
1455 1761 1545 1800 1000
1567 1766 1713 1800 sancto

305 1826 347 1860 et
374 1822 461 1860 Deo
488 1821 690 1860 altissimo
716 1826 759 1860 et
784 1821 955 1860 virtutis
981 1826 1127 1860 sancto
1154 1821 1240 1860 illo:
1269 1821 1377 1859 unde
1405 1833 1469 1859 me
1496 1820 1561 1859 ille
1588 1820 1713 1859 homo

306 1881 347 1919 in
370 1880 496 1919 mallo
520 1880 686 1932 publico
710 1880 938 1929 malabat*‚
959 1880 1070 1932 quod
1090 1892 1163 1931 ego
1182 1885 1291 1919 terra
1310 1892 1397 1928 sua,
1417 1883 1515 1919 aut*
1539 1879 1711 1930 coniuge

306 1952 379 1978 sua
412 1939 517 1988 illa5‚
551 1939 593 1978 in
624 1952 732 1991 pago
765 1939 847 1987 illo,
881 1939 922 1978 in
954 1939 1043 1978 loco
1077 1952 1155 1991 que
1188 1939 1339 1978 dicitur
1372 1939 1452 1987 ille⁷
1486 1939 1535 1977 de
1569 1951 1713 1978 eorum

304 2003 515 2050 potestate
548 2012 621 2050 per
655 1998 825 2038 fortiam
858 2011 1077 2050 nunquam
1110 1998 1287 2050 proprisi
1321 2003 1395 2037 aut
1428 1997 1606 2049 pervasi,
1641 1997 1713 2037 sed

305 2058 354 2096 de
395 2058 475 2097 ista
513 2063 631 2109 parte
671 2058 845 2108 triginta
883 2062 926 2096 et
963 2070 1047 2096 uno
1086 2070 1195 2096 anno
1235 2057 1294 2096 fer
1333 2057 1512 2108 amplius
1551 2069 1712 2108 semper

306 2117 453 2156 exinde
478 2117 538 2156 fui
562 2117 742 2156 vestitus
767 2122 809 2156 et
832 2121 929 2168 post
952 2130 1017 2155 me
1042 2116 1177 2164 divisi,
1213 2121 1254 2155 et
1277 2129 1349 2167 per
1374 2116 1460 2167 lege
1485 2120 1527 2155 et
1551 2115 1712 2155 iustitia

306 2175 450 2226 plubsss
481 2176 682 2215 obteneat
712 2189 777 2215 me
810 2176 862 2215 ad
894 2175 1045 2215 habere
1079 2188 1204 2227 quam
1238 2175 1366 2226 ipsius
1398 2175 1477 2223 lue,
1502 2178 1594 2214 aut⁷
1616 2187 1711 2213 con-

306 2234 397 2285 iuge
427 2247 501 2274 sua
531 2235 600 2274 illa
630 2235 681 2274 ad
712 2235 901 2283 reddere3
932 2240 974 2274 et
1003 2235 1083 2274 alio
1112 2235 1162 2273 de
1194 2234 1273 2273 ista
1303 2247 1441 2283 causa,
1467 2233 1577 2285 quod
1608 2233 1712 2271 mihi

307 2293 537 2333 iudicatum
565 2294 659 2343 fuit,
688 2294 730 2333 in
757 2294 871 2333 nullo
898 2306 981 2333 non
1009 2293 1167 2332 redibio
1195 2293 1273 2332 nisi
1301 2293 1380 2332 isto
1407 2293 1549 2332 etunio
1577 2304 1711 2332 sacra-

305 2358 460 2391 mento.
508 2353 583 2392 Per
613 2353 724 2392 hunc
752 2353 841 2392 1000
872 2358 1018 2392 sancto
1048 2358 1090 2392 et
1121 2353 1207 2391 Deo
1238 2352 1440 2391 altissimo
1469 2356 1511 2390 et
1540 2351 1712 2391 virtutis

406 2448 418 2468 ¹
449 2448 625 2483 vielleicht
655 2460 724 2483 aus
753 2448 899 2483 edicere
936 2449 1163 2482 entstanden.
1206 2468 1254 2472 —
1295 2448 1308 2468 ²
1338 2449 1371 2482 d.
1404 2447 1437 2482 Ιι.
1468 2446 1616 2481 afferre.
1663 2466 1712 2471 —

305 2501 319 2520 ³
348 2501 413 2535 lies
438 2501 630 2536 videntur.
656 2521 704 2525 —
743 2502 756 2522 ⁴
779 2501 826 2536 ad
851 2514 879 2537 c.
906 2521 953 2526 ——-
981 2501 995 2522 ⁵
1018 2502 1051 2536 d.
1078 2502 1112 2536 h.
1138 2501 1310 2546 coniugis
1333 2510 1435 2535 suae.
1480 2519 1528 2524 —
1569 2499 1583 2521 ⁶
1606 2501 1639 2535 d.
1675 2500 1707 2534 h..

306 2553 401 2598 plus.
431 2573 479 2578 —
507 2554 520 2574 ⁷
549 2555 597 2589 ad
628 2567 655 2590 c.
